1624 2788
369 258 415 295 60
651 266 701 291 DE
727 265 884 292 1T1NERE
909 264 1110 291 unisonum.

283 395 341 417 1217
369 391 421 413 ere
435 375 622 425 perturbato
635 387 770 424 propter
782 374 850 411 dies
861 375 1071 410 interlunares
1095 374 1221 422 semper
1237 373 1394 422 navigan·
1405 392 1424 408 e„
1436 384 1474 407 ωε.

369 430 453 466 tibus
471 430 645 477 suspestos‚
672 441 783 464 comes
809 427 850 463 de
866 427 990 464 Wetha
1011 428 1115 464 ventis
1141 425 1344 462 suadentibus
1361 427 1394 462 se

369 484 451 518 mari
468 481 630 518 commifit
647 494 723 517 cum
737 481 844 516 multis
860 479 1005 517 navibus.
1023 479 1153 529 Quibus
1166 491 1266 516 vento
1284 492 1393 527 oppo-

369 535 439 580 sito,
462 534 586 570 nebulis
606 536 641 569 &
663 534 766 570 imbre
787 533 932 579 dissetstis,
957 547 1022 569 una
1044 534 1078 568 in
1103 532 1255 581 scopulos
1281 532 1395 567 incidit

369 589 540 633 Britannie‚
568 601 632 636 que
651 588 743 624 salvis
769 586 955 622 hominibus
972 599 1049 622 cum
1063 594 1072 609 ¹
1087 586 1189 622 multa
1206 599 1314 621 rerum
1331 586 1394 621 iac-

259 652 307 674 iun.
320 658 341 682 5-
370 655 440 678 tura
459 641 603 690 deperiit.
626 641 696 676 Nos
717 641 815 689 igitur
838 641 983 688 sequenti
1004 639 1056 675 die
1077 653 1154 675 cum
1171 640 1293 675 comite
1311 639 1395 674 Hol-

258 710 307 732 iun.
319 716 340 738 7.
369 695 478 731 landie
492 695 691 730 Britanniam
704 693 917 739 advertentes,
932 706 1045 742 quarta
1059 694 1136 728 feria
1147 706 1281 741 portum
1290 693 1397 728 Sanffl

371 750 506 785 Matthei
522 750 698 798 attigimus,
715 747 771 784 ubi
784 747 927 783 secundo
940 747 1087 796 perleffls
1105 745 1398 792 constitutionibus,

371 815 458 838 totus
483 802 602 838 eisdem
627 801 751 851 legibus
772 801 933 838 servandis
950 801 982 836 se
999 800 1139 836 astrinxit
1155 800 1319 835 exercitus.
1347 801 1399 835 Se—

260 866 311 889 tun.
324 871 360 889 u.
373 856 484 904 quenti
500 869 577 891 vero
600 854 653 891 die
675 855 845 890 dominico
867 855 997 889 mutatis
1015 852 1166 888 custodiis
1184 854 1298 888 comiti
1314 853 1398 888 Hol-

314 925 320 933 ¹
372 909 482 945 landie
511 908 708 957 preducatus
734 910 768 943 &
796 907 964 942 marscallo
983 904 1173 943 Colonienfi
1191 904 1399 954 postducatus

372 963 596 998 committitur.
603 963 734 997 Portum
743 962 852 997 Sansti
861 961 982 996 Mathei
998 961 1158 1007 liquentes
1167 959 1314 1007 aquiloni
1327 959 1400 995 vela

370 1016 560 1060 laxavimus,
586 1016 642 1062 qui
667 1014 879 1051 Ulixibonam
907 1012 1115 1049 tendentibus
1142 1025 1218 1048 cum
1246 1011 1399 1047 omnibus

372 1069 432 1104 suis
455 1068 691 1104 collateralibus
713 1069 756 1103 est
776 1068 870 1103 utilis.
897 1067 1011 1103 Ventis
1034 1068 1142 1114 itaque
1160 1066 1320 1114 prosperis
1344 1065 1400 1101 sed

261 1133 309 1155 lun.
324 1133 358 1155 16·
371 1124 467 1158 nimis
484 1121 609 1158 lenibus
626 1121 681 1166 usi,
699 1122 784 1157 sexta
802 1121 881 1156 feria
897 1121 1047 1169 proxima
1063 1120 1160 1155 Phare
1182 1119 1400 1167 pervenimus,

373 1175 465 1223 quod
493 1176 538 1211 est
570 1174 734 1223 oppidum
761 1174 888 1210 Calicie
918 1173 1007 1208 dives
1037 1172 1232 1217 admodum,
1266 1184 1401 1220 portum

372 1228 493 1265 habens
511 1228 702 1273 flexuosum,
719 1241 804 1263 turre
820 1226 947 1262 sublimi
959 1226 1141 1275 presignata
1155 1239 1173 1261 a
1188 1225 1266 1261 lulio
1281 1225 1399 1262 Cesare
1413 1241 1433 1262 P·
1444 1238 1498 1262 479·

258 1296 307 1318 lun.
325 1301 359 1324 17.
373 1283 564 1318 construtsta.
582 1281 727 1318 Navibus
745 1282 853 1328 itaque
869 1281 904 1315 in
918 1292 989 1315 tuto
1003 1279 1172 1328 dispositis,
1190 1280 1335 1326 sequenti
1347 1279 1400 1315 die

373 1337 478 1372 versus
491 1336 754 1384 Compostellam
770 1336 828 1370 iter
845 1346 1020 1382 arreptum,
1036 1347 1095 1382 per
1113 1332 1202 1369 diem
1219 1334 1253 1368 &
1267 1335 1401 1369 nostem

373 1391 528 1426 continue
552 1389 748 1434 laborantes,
776 1389 828 1424 vix
847 1388 1060 1423 confecimus.
1086 1386 1183 1423 Unde
1200 1387 1273 1435 post
1291 1385 1402 1422 oblata

374 1446 448 1480 Deo
464 1446 498 1479 &
515 1443 613 1479 beato
631 1442 782 1491 apostolo
800 1441 953 1477 sacrificia
970 1439 1092 1484 reversi,
1117 1453 1175 1488 per
1193 1453 1317 1475 novem
1333 1439 1402 1474 dies

373 1499 477 1534 ventis
496 1495 652 1545 oppositis
673 1496 770 1531 Phare
792 1496 899 1530 sumus
918 1493 1049 1529 detenti.
1071 1495 1213 1529 Hortatu
1231 1494 1328 1542 igitur
1346 1506 1402 1528 co-

374 1552 459 1586 mitis
478 1550 666 1594 Hollandie‚
696 1550 753 1597 qui
774 1548 815 1584 ab
835 1548 950 1583 incolis
968 1547 1135 1590 didicerat,
1167 1546 1259 1594 quod
1282 1545 1323 1582 ab
1345 1546 1402 1581 illo

373 1618 471 1654 portu
490 1606 593 1641 ventis
606 1603 819 1640 Ulixibonam
830 1610 844 1625 2
856 1600 1032 1637 ferentibus
1042 1601 1126 1636 exire
1143 1613 1212 1635 non
1226 1599 1402 1648 possemus,

374 1660 479 1695 versus
495 1659 694 1693 Britanniam
711 1656 754 1692 ad
768 1657 862 1691 unius
881 1655 1010 1690 miliaris
1028 1655 1266 1690 estimationem
1279 1653 1401 1696 reversi,

375 1725 510 1761 portum
523 1713 701 1759 optimum,
721 1723 821 1758 quem
835 1709 898 1744 Tui
911 1715 922 1738 ³
936 1707 1060 1753 dicunt,
1077 1709 1160 1743 inter
1173 1707 1256 1743 duos
1274 1720 1403 1742 montes

377 1779 488 1802 aereos
505 1765 731 1813 complicitum
750 1764 947 1799 intravimus.
962 1763 993 1796 A
1006 1775 1073 1809 quo
1087 1762 1121 1796 in
1137 1762 1216 1796 festo
1236 1760 1402 1809 apostolo-

265 1831 315 1854 iun.
326 1837 364 1860 29.
378 1833 448 1855 rum
465 1820 595 1855 Petri&
614 1819 698 1853 Pauli
715 1816 881 1866 progressi,
905 1816 1010 1852 ventis
1035 1813 1233 1851 instabilibus
1257 1827 1317 1862 per
1342 1826 1403 1849 tres

378 1873 445 1909 dies
469 1874 503 1908 ὅ(
521 1875 633 1908 nostes
659 1872 768 1907 iastati
791 1871 825 1906 in
853 1868 1015 1914 fluetibus,
1039 1880 1155 1916 quarto
1181 1867 1234 1903 die
1251 1868 1403 1916 Portuga-

376 1928 454 1962 liam
480 1927 694 1974 pervenimus.
721 1925 785 1960 Hic
813 1936 926 1972 portus
953 1921 1099 1957 faucibus
1123 1921 1197 1956 artis
1216 1922 1251 1956 δε
1267 1919 1403 1956 obieefis

415 2045 423 2060 ι
451 2034 558 2068 Repetita
576 2035 742 2068 sequebantur
760 2031 843 2057 verba
853 2042 860 2056 .-
956 2043 970 2058 2
985 2034 1133 2067 Sequebatur
1147 2032 1314 2062 tendentibus,
1320 2031 1404 2064 statim

377 2075 459 2100 multis
475 2075 578 2100 navibus
592 2074 681 2108 quibus
692 2079 767 2098 vento
780 2079 860 2105 oppo-
913 2073 1075 2107 suppuntium
1087 2074 1148 2099 inA,
1159 2087 1190 2092 --
1200 2082 1211 2104 3
1219 2073 1249 2098 A,
1257 2073 1305 2105 ιιι-ᾗ
1316 2081 1403 2098 manus

378 2115 431 2183 2112,
432 2114 494 2191 ssa
495 2114 560 2181 1ξὲιῖ
576 2114 720 2146 transduHa
726 2113 809 2148 statim
818 2114 859 2138 de·
913 2113 1027 2148 sccunda
1046 2114 1072 2139 in
1084 2122 1164 2147 marg.
1175 2112 1274 2148 scripstt
1285 2112 1346 2139 Tvi.
