1624 2788
12 117 37 252 ἔ
536 206 741 232 OBSIDIONIS
758 206 955 234 DAMIATE.
1187 212 1198 235 1
1211 213 1222 235 1
1233 208 1251 247 5

231 314 354 360 cordia,
373 317 408 351 &
423 329 491 352 non
511 330 638 352 rantum
652 319 734 353 inter
747 319 844 366 ipsos,
865 333 964 367 quam
980 332 1037 368 per
1051 332 1156 355 totum
1171 334 1257 356 exer·
1274 342 1332 364 ηις

231 368 333 404 citum
359 368 514 405 discurrit.
541 371 607 406 Rex
628 372 716 406 enim
736 371 869 420 petebat
892 372 1155 408 dominationem
1182 375 1257 411 civi-

230 423 302 457 tatis
318 423 353 457 &
370 422 523 458 dominus
541 423 665 472 legatus
682 423 824 469 volebat,
841 425 933 472 quod
953 438 1068 461 omnes
1083 427 1257 462 Christiani

230 474 386 511 haberent
400 475 582 512 libertatem
597 476 653 522 ibi,
672 480 706 513 ἃ
723 477 840 513 exinde
855 490 926 514 orta
943 480 987 514 est
1005 478 1174 524 discordia,
1194 493 1258 527 que

7 476 22 573 ἔ
231 528 297 564 fere
309 530 392 564 inter
405 530 491 577 ipsos
503 530 646 565 interfiiit
661 532 696 566 &
712 530 834 566 bellum
846 533 959 577 movit,
979 532 1032 567 sed
1045 531 1137 581 signo
1156 535 1257 569 crucis

228 582 347 617 muniti
363 581 407 617 ad
424 581 547 618 bonam
566 583 781 619 concordiam
798 584 908 620 reverfi
927 586 1007 620 sunt.

15 636 18 645 '
43 639 135 671 Mur-1²·
149 647 214 670 ¹¹04·
275 635 352 671 LIX.
375 637 475 672 Anno
496 636 660 672 dominice
683 639 914 673 incarnationis
928 639 1138 683 MCCXVtH,
1155 639 1256 675 indic·
1273 653 1338 676 1218.

227 689 318 723 tione
334 691 377 734 vj,
395 689 521 725 obseffa
545 690 602 725 fiiit
619 692 730 726 civitas
754 692 915 727 Damiate.
952 694 983 726 ln
1007 691 1119 726 medio
1142 693 1256 728 mensis

227 740 326 785 Madij
354 742 526 778 Christiani
556 756 671 779 omnes
702 745 735 779 in
765 744 901 780 navibus
928 745 1140 780 ascenderunt
1161 747 1196 781 ὅ(
1222 746 1256 780 in

14 797 21 820 )
226 793 371 842 sequenti
384 795 594 832 hebdomada
609 797 756 844 quodam
775 797 827 833 die
840 799 950 833 Martis
963 800 996 833 in
1012 811 1129 833 terram
1142 799 1256 847 Egypti
1270 811 1324 840 Maj.
1338 819 1376 841 ις.

226 847 425 884 intraverunt
440 851 475 884 &
492 850 706 886 castrametati
723 852 794 886 sunt
813 850 902 899 apud
920 852 1085 887 civitatem
1103 853 1255 887 Damiate

225 902 259 936 δε
280 899 324 936 ibi
346 902 498 937 steterunt
520 915 578 950 per
598 916 703 939 totam
726 905 857 939 estatem
879 906 913 940 &
931 905 1083 950 hyemem
1104 907 1139 940 &
1155 906 1189 940 in
1208 906 1252 941 se-

225 955 335 1002 quenti
357 968 445 990 anno
468 956 502 990 in
520 956 706 1000 MCCXIX,
723 956 903 993 indiflione
920 958 974 1003 vij,
1002 958 1113 1005 quinta
1131 958 1184 994 die
1201 960 1252 993 in-
1270 974 1335 997 1219.

226 1020 340 1053 nante,
359 1009 468 1044 mense
485 1009 677 1055 Novembri,
695 1011 728 1045 in
746 1011 856 1059 vigilia
873 1012 980 1046 Sane'ti
998 1010 1157 1046 Leonardi
1174 1012 1252 1047 festo
1266 1024 1325 1046 Nov.
1338 1030 1358 1053 5.

225 1062 386 1106 veniente,
412 1061 455 1096 ad
477 1061 639 1097 honorem
658 1064 796 1099 Domini
822 1064 921 1099 nostri
939 1065 1003 1099 lesu
1022 1064 1138 1099 Christi
1156 1077 1252 1113 capta

226 1113 285 1150 fuit
302 1115 456 1150 Damiata
471 1127 491 1150 a
508 1117 688 1164 peregrinis
706 1116 888 1152 christianis
915 1117 1056 1165 Explicit.
