1624 2788
595 225 684 250 Fun
709 224 831 251 AGAP.
1153 227 1222 262 217

194 333 276 384 (12)
290 335 326 370 O
339 335 515 371 termini&
531 335 640 384 campi
655 333 788 378 Achon,
801 347 842 370 ve
854 333 960 378 vobis,
975 346 1068 382 quot,
1080 335 1114 369 in
1127 333 1222 371 vobis

194 400 299 434 erunt,
316 387 425 424 donec
437 401 477 424 ex
488 389 646 437 sanguine
660 387 809 437 gentium
822 399 953 423 currant
965 401 1023 435 per
1039 401 1098 424 vos
1113 387 1221 424 rivuli!

194 454 260 478 una
277 441 345 478 dies
364 442 487 478 auferet
502 441 591 477 milia
608 442 802 485 animarum,
822 442 856 476 &
873 442 1029 490 sanguine
1046 440 1223 477 mutabitur

195 494 289 530 color
306 494 447 531 fluminis
472 496 507 530 in
523 494 752 538 rubicundum,
775 495 810 529 &
830 495 904 530 vasa
922 495 1126 543 navigatoria
1143 507 1222 530 con-

195 548 388 597 fringentur,
407 549 442 584 &
458 548 559 584 multa
580 560 722 596 corpora
740 546 996 596 submergentur.
1023 548 1124 583 Oculi
1146 548 1222 592 mei,

79 611 96 636 f.
108 619 152 643 ης
162 620 183 636 a.
194 599 270 638 flete
285 602 489 651 sanguinem,
506 613 577 636 non
593 601 758 636 lacrimas!
783 599 862 649 (13)
889 601 924 636 Et
940 602 1012 649 post
1037 602 1098 637 hec
1113 602 1223 638 veniet

194 669 334 706 magnus
350 670 416 702 rex,
440 657 476 692 &
492 655 667 692 descendet
691 656 724 690 in
741 656 912 690 circuitum
936 658 1032 691 Acon
1057 658 1091 691 &
1113 669 1221 692 mora-

194 708 280 745 bitur
305 709 401 758 super
424 722 509 755 eam,
534 710 570 744 &
591 710 650 744 erit
666 708 821 744 dominus
846 708 969 754 confilij
987 711 1021 745 &
1040 710 1185 755 rationis,
1202 723 1222 745 a

192 775 312 811 genere
337 775 464 811 regum,
489 763 525 798 δε
550 762 608 798 erit
626 775 701 797 cum
721 775 762 797 eo
783 763 938 798 exercitus
963 762 1052 810 quafi
1068 764 1165 811 ignis,
1187 764 1221 798 &

191 827 287 852 erunt
302 828 418 852 omnes
434 813 492 851 sub
506 814 667 851 mandato
683 816 759 851 eius.
780 814 860 864 (14)
877 815 912 851 Et
923 815 1076 864 prestabit
1092 817 1123 851 ei
1134 817 1221 851 auxi-

189 868 270 905 lium
293 882 349 904 rex
372 869 451 904 alius
474 870 510 905 δε
536 870 643 917 capiet
667 870 763 904 Acon
788 870 862 904 ense
889 870 959 913 suo,
985 871 1020 905 δ(
1050 869 1221 906 interficiet

188 922 352 971 populum
367 923 434 958 eius
452 923 487 958 &
505 922 604 958 ducet
627 924 659 958 in
678 923 796 967 servos,
824 935 931 970 neque
948 924 1070 971 poterit
1092 922 1221 959 liberari

189 974 231 1011 de
247 988 348 1012 manu
367 975 514 1012 habentis
536 976 691 1013 vexillum
713 989 876 1012 croceum.
904 976 983 1026 (15)
1004 978 1166 1025 Optarem
1185 989 1221 1012 ut

188 1029 276 1064 oculi
284 1030 350 1064 mei
359 1042 528 1066 cernerent
537 1042 667 1078 tempus
676 1029 766 1075 illud,
780 1028 890 1065 donec
898 1029 1068 1078 preberem
1077 1030 1132 1066 fibi
1141 1044 1219 1067 con-

187 1080 291 1118 filium
307 1081 446 1128 bonum,
463 1082 484 1118 fi
502 1083 568 1118 hoc
584 1082 663 1119 esset
680 1083 890 1118 constitutum
910 1097 928 1120 a
946 1085 1031 1119 Deo.
1056 1083 1137 1130 (ῐό)
1156 1083 1219 1119 Sed

187 1135 261 1184 post
277 1136 402 1184 septem
416 1149 531 1185 quater
546 1138 581 1172 &
599 1136 773 1172 dimidium
786 1138 820 1172 &
833 1136 921 1172 aliud
939 1137 1110 1173 dimidium
1125 1139 1219 1173 amit-

187 1238 266 1279 fites,
282 1248 292 1264 ¹
315 1239 346 1271 &
360 1239 404 1271 les
417 1251 491 1281 gens
506 1241 557 1282 qui
579 1252 617 1272 en
633 1242 676 1272 toi
692 1250 779 1272 erent
799 1250 885 1272 erent
909 1250 996 1273 mout
1011 1242 1173 1283 angoifl'ex,
1188 1243 1218 1275 ὅτ

187 1293 232 1316 tes
246 1284 376 1315 maisons
391 1284 491 1316 seront
506 1285 643 1316 arousees
658 1286 698 1316 du
714 1286 781 1317 sanc
796 1286 848 1318 des
864 1286 976 1317 occises
991 1298 1074 1328 gens.
1090 1289 1150 1327 (12)
1167 1288 1217 1318 Ha

187 1329 326 1360 marche!
342 1329 399 1360 haa
412 1339 502 1370 camp
517 1329 647 1360 d’Acre!
670 1329 791 1361 doleurs
807 1330 862 1361 soit
876 1342 893 1362 a
908 1339 977 1362 tous
992 1331 1096 1362 chiaus
1110 1332 1162 1373 qui
1178 1343 1215 1362 en

187 1383 264 1404 vous
279 1372 387 1412 seront‚
412 1384 464 1404 car
487 1374 508 1404 li
530 1374 595 1404 rieu
617 1374 657 1404 du
678 1375 745 1406 sanc
770 1375 824 1405 des
841 1386 916 1416 gens
937 1375 1051 1406 occises
1071 1384 1218 1406 courront

187 1418 284 1458 parmi
296 1427 373 1448 vous
388 1417 418 1448 &
432 1428 470 1448 en
483 1429 523 1448 un
534 1418 607 1459 jour
622 1427 763 1450 morront
774 1418 884 1450 millier
896 1419 1045 1450 d’ommes
1057 1428 1071 1444 2
1082 1431 1119 1450 en
1131 1431 1218 1459 vous,

188 1461 262 1493 &la
279 1461 425 1493 coulours
440 1461 490 1493 del
504 1462 566 1493 flun
589 1462 650 1493 sera
669 1464 759 1494 muee
779 1474 816 1494 en
839 1474 933 1504 rouge
952 1463 1082 1494 coulour
1098 1475 1175 1504 pour
1189 1464 1217 1495 le

187 1505 267 1544 sanc,
291 1505 321 1537 δι
346 1514 435 1536 mout
454 1505 554 1537 vaiffel
576 1515 704 1538 courant
720 1518 773 1548 par
797 1507 825 1538 le
840 1518 905 1538 mer
928 1519 947 1549 y
966 1507 1066 1539 seront
1086 1507 1172 1539 brifie
1187 1508 1216 1540 &

186 1557 275 1581 mout
295 1550 334 1580 de
347 1560 421 1590 gens
436 1550 532 1582 noies.
547 1551 645 1590 Vous,
666 1552 707 1582 mi
728 1552 798 1591 ami,
822 1551 945 1592 ploures
960 1551 989 1582 δι
1004 1550 1025 1582 fi
1040 1552 1114 1583 soies
1130 1561 1217 1584 mout

186 1593 330 1634 dolant3.
353 1594 413 1635 (13)
429 1593 470 1625 Et
485 1594 572 1635 apres
587 1595 655 1626 iche
670 1605 762 1626 venra
774 1604 839 1627 *uns
853 1606 942 1636 grans
965 1607 1035 1636 roys
1049 1596 1079 1627 &
1093 1595 1216 1627 descen-

186 1638 260 1669 deta
277 1639 388 1669 devant
403 1639 486 1669 Aere
505 1638 535 1670 δι
555 1639 717 1670 demourra
738 1639 818 1670 iluec
841 1651 919 1679 pour
938 1639 1061 1679 ichelui‚
1085 1640 1115 1671 ὅτ
1135 1640 1155 1671 fi
1170 1649 1217 1672 ert

185 1681 256 1714 stres
270 1682 309 1713 de
323 1682 434 1713 conseil
450 1682 480 1714 &
494 1684 532 1714 de
548 1683 654 1722 raison,
667 1684 697 1715 δι
708 1683 728 1714 fi
738 1692 785 1715 ert
799 1684 836 1715 de
852 1683 959 1725 lignies
973 1685 1011 1715 de
1026 1695 1106 1726 roys,
1121 1684 1150 1715 &
1166 1695 1217 1725 ²¹?

185 1737 281 1758 aveuc
306 1725 347 1757 lui
371 1734 459 1767 grant
478 1726 523 1758 ost
543 1727 664 1759 bruiant
679 1728 748 1759 auffi
762 1739 884 1759 comme
908 1729 950 1767 fu,
975 1728 1004 1759 δι
1018 1737 1103 1760 erent
1117 1736 1185 1759 tout
1199 1739 1216 1760 a

186 1769 237 1802 son
252 1770 365 1802 conseil
381 1770 410 1802 &
425 1782 443 1802 a
457 1770 508 1802 son
523 1773 802 1804 commandement.
818 1772 878 1813 (14)
903 1772 944 1804 Et
959 1784 1015 1804 uns
1030 1781 1130 1804 autres
1145 1784 1215 1814 roys

42 1827 45 1830 ⁴
67 1821 84 1846 f.
97 1822 140 1853 ¹⁴8
151 1824 172 1847 d.
186 1814 206 1846 li
218 1815 321 1846 nidera
333 1813 391 1846 &fi
404 1816 552 1855 prendera
562 1816 643 1847 Aere
655 1827 708 1857 par
719 1817 824 1848 forche
837 1818 866 1849 δι
877 1818 896 1849 fi
908 1828 945 1848 en
959 1826 1044 1849 tuera
1055 1817 1083 1848 le
1095 1816 1215 1858 pueple,

185 1858 215 1891 δι
236 1869 335 1890 aucun
359 1869 504 1890 enmenra
523 1871 561 1891 en
584 1860 714 1902 servage,
738 1860 768 1892 &
791 1859 811 1891 fi
834 1872 874 1892 ne
894 1872 984 1903 porra
1004 1862 1065 1892 mie
1086 1861 1215 1892 delivrer

179 1903 368 1944 Jherusalem
394 1904 448 1935 des
469 1904 566 1936 mains
590 1904 691 1936 ehelui
735 1906 765 1936 ui
791 1914 879 1946 porte
905 1906 932 1937 le
957 1917 1056 1947 gaune
1081 1906 1213 1936 baniere.

185 1949 246 1988 (15)
267 1947 305 1988 Je
326 1948 452 1979 vauroie
474 1947 550 1978 estre
570 1956 660 1979 mout
680 1959 719 1980 vo
733 1949 844 1980 entiers
865 1960 882 1980 a
904 1950 971 1980 chel
997 1958 1063 1981 tans
1085 1948 1214 1990 dusques

185 1999 268 2023 atam
281 2002 342 2033 que
363 1991 396 2032 je
411 1991 432 2022 li
448 1990 528 2023 euss‘e
542 1993 644 2024 donne
659 1993 731 2024 boin
747 1993 870 2032 conseil,
893 1993 922 2025 &
944 1993 972 2025 se
992 1994 1049 2025 che
1073 1992 1162 2024 estoit
1175 1993 1213 2023 de

222 2075 233 2091 ι
250 2068 322 2093 Corr.
339 2067 458 2093 oscurtes.
474 2082 506 2086 —
526 2077 540 2094 2
556 2069 626 2095 Corr.
642 2068 746 2094 d'ames.
762 2083 794 2087 —-
812 2077 823 2100 3
840 2070 973 2103 Corruptus
990 2069 1029 2094 hic
1042 2068 1146 2095 videtur
1159 2073 1214 2093 tex-

183 2110 231 2139 tu53
244 2106 328 2140 verfio
342 2107 364 2133 B
377 2106 453 2133 latino
465 2107 564 2142 propior
576 2108 617 2142 est;
630 2108 718 2134 ambas
727 2113 807 2134 tamen
820 2108 902 2140 amici,
913 2114 960 2143 pro
969 2109 1045 2140 oculi,
1053 2108 1131 2143 leggffe
1138 2112 1211 2141 pam.

1105 2164 1136 2186 28
