1624 2788
439 239 746 265 CRUCIGERORUM
771 238 1056 265 RHENANORUM.
1216 240 1263 278 47

240 365 325 395 cam,
356 350 450 387 nobis
477 350 552 386 talia
584 363 653 385 non
682 349 923 398 suspicantibus,
953 362 1029 384 cum
1057 349 1263 386 multitudine
1277 345 1351 393 &2¹³⁹
1359 377 1380 399 9,

238 406 330 453 gravi
347 405 479 453 propius
504 403 697 439 accederent
713 405 747 438 &
765 405 797 439 in
814 404 884 452 ipso
908 405 939 439 se
957 404 1075 440 fossato
1093 405 1263 452 precipita—

239 471 319 503 rent,
353 457 408 493 sed
429 457 548 492 auxilio
571 456 683 492 divino
711 470 785 492 cum
806 458 896 505 gravi
924 457 1048 492 damno
1067 459 1213 505 equitum
1229 459 1264 492 &

238 525 400 560 equorum
417 511 547 545 suorum
563 509 676 557 repulsi
694 510 774 545 sunt.

284 567 384 600 Anno
414 565 522 612 gracie
552 562 720 598 millesimo
752 563 973 599 ducentesimo
1004 578 1095 599 nono
1130 563 1260 598 decimo

30 622 64 651 B„
77 631 97 653 Ρ·
111 630 224 653 ²332e·2·
238 620 350 667 regina
375 618 542 653 civitatum
570 616 777 651 iherosolima
799 616 956 652 destruff'ta
974 618 1017 652 est
1042 631 1062 652 a
1079 617 1261 661 Coradino,

0 666 1 669 Ἴ
236 670 412 720 Saphadini
429 670 510 713 filio,
541 670 615 705 foris
637 672 671 705 &
689 671 794 715 intus;
822 672 905 705 muri
930 673 997 706 eius
1022 685 1099 706 cum
1126 670 1262 706 turribus

236 738 342 773 preter
367 725 544 772 Templum
574 724 711 759 Domini
736 725 771 758 ὅς
797 725 909 758 turrim
937 724 1047 760 David
1071 726 1105 759 in
1129 738 1262 760 acervos

235 778 382 827 lapidum
399 778 471 813 sunt
488 777 619 822 redaffl,
645 776 686 812 de
709 777 854 824 sepulcro
875 778 1012 812 Domini
1031 778 1177 826 glorioso
1194 778 1262 813 des-

235 831 383 867 tituendo
414 830 583 866 consilium
602 829 784 865 habuerunt
805 831 969 866 Sarraceni
995 833 1029 866 &
1060 844 1117 878 per
1142 831 1262 866 litteras

235 886 426 920 comminati
444 885 523 927 sunt,
548 897 628 931 quas
646 883 768 919 civibus
786 885 938 919 Damiate
956 884 998 919 ad
1015 885 1160 932 ipsorum
1178 886 1260 920 sola-

234 939 322 973 cium
348 938 594 974 transmiserunt.
632 937 695 972 Sed
724 937 799 972 huic
831 939 1001 973 temeritati
1032 951 1167 986 propter
1195 939 1261 973 loci

233 992 451 1028 reverenciam
473 1004 572 1026 nemo
605 989 793 1039 presumpsit
821 1004 935 1026 manus
966 1004 1148 1039 opponere,
1182 991 1260 1027 sicut

234 1046 322 1080 enim
338 1046 372 1080 in
394 1044 559 1088 alcorano,
588 1043 670 1079 libro
695 1044 806 1092 legum
833 1057 959 1089 eorum,
982 1045 1149 1092 scriptum,
1174 1046 1262 1080 hunc

236 1099 335 1133 {esum
352 1097 526 1141 Christum,
552 1098 736 1132 Dominum
754 1098 910 1143 nostrum,
937 1097 1073 1133 credunt
1100 1098 1141 1133 de
1159 1099 1261 1133 Maria

233 1152 357 1200 virgine
374 1163 572 1198 conceptum
588 1152 622 1185 &
641 1163 764 1196 natum,
791 1164 890 1198 quem
913 1150 977 1186 sine
994 1164 1132 1199 peccato
1150 1151 1259 1187 vixiffe

233 1205 430 1253 prophetam
446 1206 480 1239 ἃ
497 1204 568 1252 plus
594 1217 694 1251 quam
719 1204 917 1252 prophetam
934 1205 1137 1252 profitentur,
1162 1218 1259 1240 cecos

232 1256 434 1303 illuminasse,
458 1257 603 1305 leprosos
630 1256 810 1302 mundasse,
838 1270 986 1292 mortuos
1009 1257 1178 1302 suscitasse,
1205 1258 1258 1294 fir-

232 1313 326 1347 miter
351 1311 500 1356 asserunt,
526 1312 630 1346 virum
659 1310 700 1346 ad
719 1311 807 1346 celos
824 1310 1012 1356 ascendisse,
1038 1313 1254 1360 cognoscunt.

231 1365 328 1402 Unde
358 1364 492 1412 quando
525 1376 672 1412 tempore
705 1377 893 1413 treugarum
926 1365 1084 1412 sapientes
1113 1366 1257 1413 ipsorum

233 1419 474 1454 lherosolimam
502 1417 730 1462 ascendebant,
767 1417 898 1452 codices
928 1418 1174 1466 euangeliorum
1202 1418 1258 1454 fibi

231 1471 371 1507 exhiberi
401 1469 607 1518 postulabant
638 1472 672 1506 ἂ
702 1470 930 1506 osculabantur
959 1473 993 1506 &
1022 1471 1258 1508 venerabantur

231 1537 364 1573 propter
378 1523 580 1559 mundiciam
589 1524 682 1572 legis,
697 1537 798 1571 quam
806 1523 950 1559 Christus
961 1523 1062 1569 dedit,
1076 1526 1110 1559 &
1123 1538 1257 1573 propter

231 1578 405 1613 leelionem
423 1578 562 1612 maxime
581 1577 740 1625 euangelij
758 1577 862 1612 Luce:
882 1593 899 1609 υ
923 1579 1046 1623 ffliffus
1073 1582 1112 1623 est
1130 1581 1256 1614 Gabriel

230 1633 354 1678 angelus
375 1647 391 1662 u
414 1629 518 1678 (Luc,
538 1639 562 1674 1,
589 1628 661 1675 26),
682 1643 782 1677 quam
806 1630 936 1666 litterati
960 1632 1043 1667 inter
1067 1644 1124 1666 eos
1150 1632 1254 1679 sepius

230 1696 380 1732 repetunt
404 1685 438 1719 ὅ(
465 1685 644 1718 retraetant.
672 1684 734 1718 Lex
756 1696 866 1718 autem
883 1697 1009 1730 eorum,
1036 1697 1148 1732 quam,
1175 1686 1255 1720 Dia-

230 1738 309 1774 bolo
330 1745 338 1760 ¹
359 1737 511 1781 distante,
541 1736 716 1771 ministerio
734 1737 834 1785 Sergij
860 1738 1025 1781 monachi,
1054 1738 1200 1786 apostate
1221 1741 1256 1774 &

232 1790 374 1834 heretici,
391 1789 618 1824 Machometus
635 1790 813 1824 Sarracenis
831 1789 931 1835 dedit,
949 1790 1075 1826 arabice
1089 1791 1254 1839 scriptam:

229 1859 247 1878 α
275 1845 382 1891 gladio
409 1845 498 1889 cepit,
519 1856 577 1889 per
604 1843 742 1889 gladium
767 1856 880 1878 tenerur
905 1845 936 1878 ἃ
963 1848 994 1878 in
1019 1846 1126 1891 gladio
1153 1848 1255 1879 termi-

228 1898 356 1931 nabitur.
389 1895 615 1930 Machometus
641 1895 697 1930 iste
715 1895 879 1931 illiteratus
901 1897 971 1940 fuit,
994 1896 1071 1932 sicut
1091 1897 1157 1944 ipse
1179 1910 1254 1944 pro-

229 1950 359 1985 testatur
377 1950 409 1984 in
427 1949 583 1984 alcorano
607 1949 662 1983 suo
680 1951 725 1994 &,
748 1962 811 1997 que
833 1951 1077 1997 prenominatus
1098 1950 1255 1986 hereticus

231 2003 377 2048 dietavit,
401 2002 468 2050 ipse
485 2002 706 2051 promulgavit
722 2004 757 2038 δε
777 2016 835 2051 per
853 2005 1132 2039 comminaciones
1148 2003 1256 2039 statuit

268 2131 276 2147 ι
291 2121 465 2154 Restirumdum
478 2122 596 2154 censemus
610 2131 622 2146 e
635 2127 702 2147 textu
714 2122 829 2154 Oliverij
836 2127 882 2155 pro
893 2122 988 2148 lectione
1001 2122 1112 2149 Codicum
1126 2123 1251 2158 discipulo.
