1624 2788
522 194 572 220 DE
598 194 884 221 PREDICACIONE
908 195 932 221 S.
959 195 1099 221 CRUCIS.
1295 199 1330 222 11

301 307 332 340 in
347 307 481 339 ‘Domino
494 307 659 339 moriuntur
671 320 689 335 n
702 306 797 350 (XIX,
815 307 883 353 13).
899 304 989 340 Caro
1004 317 1114 341 autem
1128 305 1247 340 Christi
1265 319 1333 341 non

303 358 348 393 est
360 357 450 393 cibus
462 358 590 399 ventris,
604 356 660 392 sed
674 356 763 392 cibus
777 359 902 394 mentis.
918 359 1007 394 Dicit
1025 360 1114 394 enim
1125 360 1333 407 Augustinus,

303 410 455 446 Crede&
466 410 676 455 manducasti,
690 412 724 446 &
737 412 901 446 Dominus
912 411 1001 457 dicit,
1014 428 1031 444 α
1046 414 1166 456 Omnis,
1182 417 1234 458 qui
1248 415 1332 448 videt

293 466 399 508 filium
409 465 439 499 δ’
448 466 543 499 credit
551 467 582 499 in
590 478 666 509 eum,
673 467 760 499 haber
768 468 859 500 vitam
869 479 998 500 eternam
1014 481 1031 497 υ
1045 465 1186 514 (loann,
1195 476 1246 512 VI,
1254 469 1334 515 40),

303 517 390 553 unde
400 516 546 561 Abacuc,
561 533 578 548 c<
595 520 689 563 Iustus
698 532 733 552 ex
735 520 803 562 fide
812 522 888 553 vivit
903 534 920 550 υ
936 519 993 563 (11,
1004 518 1058 567 4),
1071 520 1106 554 &
1119 519 1204 554 infra
1213 518 1334 555 eodem

302 571 420 618 capite,
440 587 458 602 (ι
476 572 540 617 Qi
552 573 710 605 manducat
723 585 839 606 carnem
856 586 950 606 meam
964 572 994 606 ὁ)
1008 574 1083 607 bibit
1097 575 1334 620 meum-sangui-

301 638 379 667 nem,
400 626 488 658 Imber
503 628 594 659 vitam
611 637 740 659 eternam
760 640 778 656 υ
801 626 944 669 (loann.,
964 635 1013 670 VI,
1037 630 1106 674 54).
1127 625 1180 661 Ad
1203 625 1334 662 credere

301 676 400 724 igitur
413 677 553 724 sequitur
571 690 744 725 utrumque
762 678 895 713 istorum
908 681 942 714 ὅ(
957 678 1153 714 manducare
1167 681 1200 714 &
1214 679 1333 715 habere

301 730 402 765 vitam
415 742 571 774 eternam,
592 730 644 766 sed
666 747 684 763 «
701 734 754 777 qui
766 734 894 779 indigne
901 735 1007 779 sumit,
1023 735 1167 767 iudicium
1180 735 1235 779 fibi
1248 748 1333 768 man-

301 784 515 818 ducarbbibit
527 800 544 815 υ
559 786 592 830 (1
609 784 700 828 Con,
713 794 766 829 XI,
779 787 850 833 29),
861 785 948 820 unde
959 785 1119 829 sacerdos,
1136 787 1331 834 impenitens

301 837 446 879 existens,
465 838 499 871 in
516 837 646 872 mortali
662 838 758 873 sumit
778 851 897 886 corpus
912 839 1029 874 Christi
1047 838 1088 874 ad
1106 840 1151 874 sui
1170 839 1332 888 dampna-

302 889 435 924 cionem
452 892 486 925 &
503 890 546 925 ad
562 891 695 925 suorum
718 891 993 938 parochianorum
1015 892 1161 927 fidelium
1184 893 1330 939 salutem,

87 946 106 970 Β
117 945 134 970 f.
145 954 190 978 2¹3
202 948 224 976 b,
236 956 255 970 c·
267 956 290 971 2-
302 943 359 989 qui
375 956 444 978 non
462 944 535 978 sunt
550 944 584 978 in
602 944 753 989 mortali3
771 944 823 979 ille
840 946 945 979 eciam
962 945 1057 980 sumit
1074 958 1193 993 corpus
1211 946 1330 981 Christi

95 1480 282 1511 Afi602,‹:.1.

302 1008 430 1030 tantum
448 997 720 1032 sacramentaliter
736 998 770 1032 &
788 997 831 1032 illi
850 998 1058 1045 spiritualiter.
1085 999 1116 1034 Si
1133 1012 1212 1034 vero
1230 999 1331 1034 sacer-

300 1048 361 1083 dos
375 1062 444 1084 non
463 1048 541 1084 effet
553 1050 587 1084 in
601 1050 740 1094 mortali,
754 1051 821 1098 ipse
835 1063 914 1086 tunc
927 1051 1065 1086 sumeret
1078 1065 1198 1099 corpus
1212 1053 1330 1088 Christi

298 1103 333 1137 &
347 1102 616 1138 sacramentaliter
628 1105 662 1138 &
675 1104 885 1152 spiritualiter.
904 1105 1090 1140 Confeccio
1106 1118 1216 1140 autem
1230 1107 1330 1141 sacra-

297 1156 400 1191 menti
417 1157 461 1191 est
482 1156 577 1204 supra
598 1156 777 1192 humanam
793 1158 1060 1206 intelligenciam,
1086 1158 1267 1194 declaretur
1284 1172 1330 1195 ta-

298 1221 386 1253 men,
400 1209 633 1257 qualicumque
647 1209 751 1245 modo
770 1209 814 1246 sit.
834 1211 949 1246 Homo
964 1211 1079 1259 aliquis
1099 1213 1163 1247 exit
1179 1212 1330 1259 quando-

298 1274 390 1308 quea
402 1261 507 1296 domo
521 1263 576 1297 sua
589 1275 703 1298 contra
712 1268 722 1284 ¹
738 1263 917 1299 adventum
927 1265 1067 1300 Domini
1077 1266 1121 1300 sui
1131 1267 1331 1313 &permittit

297 1315 481 1350 Dominum
503 1316 595 1350 suum
611 1317 729 1351 intrare
745 1317 778 1351 in
796 1317 910 1352 locum
928 1318 1031 1361 suum,
1059 1317 1100 1353 sic
1118 1319 1162 1353 est
1181 1318 1223 1354 de
1243 1332 1329 1367 pane

297 1367 562 1414 quodammodo,
582 1370 659 1416 quia
675 1368 731 1414 ibi,
749 1369 803 1405 ubi
820 1370 880 1404 fuit
898 1371 990 1418 panis
1008 1371 1040 1406 in
1059 1370 1236 1407 substancia
1257 1386 1329 1420 per-

296 1433 404 1464 eunte,
435 1421 612 1457 substancia
629 1423 721 1470 panis
740 1436 797 1470 per
813 1424 880 1458 vim
900 1424 1064 1459 sacrorum
1087 1424 1262 1460 verborum
1286 1427 1329 1460 est

296 1487 388 1508 verus
406 1475 494 1510 Deus
511 1477 546 1510 &
562 1488 654 1510 verus
675 1475 791 1519 homo,
823 1477 857 1511 δ(
879 1490 1049 1512 remanent
1071 1477 1116 1513 ibi
1138 1478 1328 1514 accidencia

295 1528 399 1574 paniS,
418 1540 481 1574 que
493 1528 611 1563 fuerint
628 1528 715 1576 quasi
730 1529 914 1577 hospicium
927 1532 961 1565 δε
974 1531 1078 1575 locus,
1097 1533 1190 1579 panis
1205 1532 1327 1567 scilicet

294 1579 425 1625 albedo,
444 1580 634 1625 rotunditas,
649 1582 754 1630 sapor,
773 1584 945 1630 quantitas,
960 1583 1108 1629 duricies,
1124 1586 1159 1620 &
1172 1585 1226 1620 illa
1242 1587 1326 1620 acci-

294 1631 411 1668 dencia
435 1645 578 1669 teruntur
607 1633 768 1677 dentibus,
800 1637 834 1670 &
856 1648 974 1683 corpus
997 1637 1126 1682 Christi,
1157 1638 1249 1685 quod
1281 1638 1325 1673 ibi

293 1686 348 1730 est,
367 1686 425 1722 sub
437 1687 497 1721 illis
514 1687 734 1723 accidentibus
748 1688 793 1723 est
806 1687 897 1724 cibus
911 1690 1021 1725 anime
1034 1691 1068 1725 δε
1081 1703 1150 1725 non
1166 1693 1324 1739 corporis.

294 1738 1323 1791 Accidenciaautemillamiraculoseremanentabsquesubie610.

292 1792 552 1840 Competentem
560 1794 658 1841 igitur
668 1794 866 1831 medicinam
876 1796 1014 1843 previdit
1024 1798 1112 1832 Deus
1124 1810 1238 1833 contra
1248 1811 1323 1833 cau-

292 1844 360 1880 sam
376 1846 505 1891 mortis,
523 1846 642 1882 scilicet
659 1845 769 1882 cibum
786 1849 919 1894 mentis,
933 1861 1050 1884 contra
1067 1849 1178 1885 cibum
1195 1852 1323 1887 ventris.

585 1927 635 1960 De
649 1928 882 1972 circumstanciis
901 1929 1020 1962 Crucis.

341 2002 490 2050 Quando
509 2003 625 2038 milites
643 2004 715 2039 sunt
736 2005 770 2040 in
793 2004 892 2050 bello,
921 2005 977 2054 ipsi
1000 2005 1121 2043 habent
1145 2021 1235 2043 arma
1258 2009 1320 2053 sua,

294 2058 436 2093 forciora
445 2057 595 2101 exterius,
609 2069 644 2093 ut
651 2057 800 2104 loricam,
814 2060 848 2094 ὅ(
858 2058 1015 2095 debiliora
1024 2061 1169 2107 interius,
1179 2062 1322 2098 Christus

332 2132 342 2149 1
357 2123 380 2149 A
394 2122 464 2149 citra.
