1624 2788
346 281 393 318 62
629 290 679 316 m:
705 289 861 316 rum-,RE
886 289 1087 316 Flusonmvr.

275 418 334 441 1217
346 412 407 447 pus
423 411 502 435 vero
520 399 655 435 civitatis
676 412 734 447 per
754 397 915 435 devexum
936 399 1057 433 montis
1087 398 1186 445 usque
1208 397 1250 433 ad
1270 411 1371 446 aquas

345 451 487 488 fluminis
509 451 719 498 descendens,
741 451 783 487 ad
808 452 948 487 austrum
974 465 1067 488 muro
1090 452 1231 500 cingitur
1255 452 1289 487 &
1307 458 1371 487 tur-

344 504 440 542 ribus.
469 505 513 541 Ibi
539 507 623 540 miro
640 506 780 541 scemate
795 506 976 541 constru6ta
991 506 1025 540 in
1042 505 1170 540 honore
1189 503 1285 540 beate
1297 505 1371 541 Vir-

344 559 428 608 ginis
453 558 631 594 ostenditur
653 558 794 604 ecclesia,
820 560 854 594 in
872 571 937 606 qua
961 572 1079 607 corpus
1100 557 1186 594 beati
1206 558 1370 603 Vincentij

344 613 491 658 martyris
507 614 541 647 in
555 612 759 661 sarcophago
773 613 941 660 requiescit
957 625 1123 661 argenteo,
1142 611 1196 647 Ad
1211 612 1371 647 orientem

343 678 421 701 vero
440 677 529 701 extra
548 666 713 702 civitatem
730 665 902 713 quoddam
923 666 967 700 est
983 664 1164 701 venerabile
1182 664 1369 710 cenobium,

343 717 399 754 ubi
415 719 527 767 palma
543 718 584 754 de
603 718 774 767 sepulchro
796 719 943 764 martyris
965 718 1082 754 Christi
1111 718 1228 753 domni
1244 719 1370 767 Popteti
1383 734 1402 750 c.
1413 726 1450 750 ιε.

342 772 485 821 Ulvinga
498 779 507 795 ¹
522 772 656 820 pulchre
673 772 872 820 consurgens
893 771 927 806 in
953 785 1027 807 aera
1044 771 1291 816 demonstratur,
1314 772 1370 819 qui

342 838 469 861 mutato
494 826 631 861 nomine
660 826 842 869 Heinricus,
873 825 1022 873 princeps
1046 825 1165 860 milicie
1191 824 1369 870 christiane,

341 891 416 914 ante
434 892 480 926 70
497 892 602 914 annos
619 877 743 914 ibidem
774 891 850 913 cum
867 878 925 913 suo
950 879 1113 927 armigero
1139 879 1241 914 vitam
1266 878 1370 914 finivit

339 933 373 967 in
403 932 551 978 Christo3
581 933 636 980 qui
667 945 756 967 nunc
785 931 895 967 divina
920 931 1118 967 revelatione
1147 932 1369 977 canonizatus,

339 986 445 1035 gloria
471 986 646 1034 temporali
662 986 777 1021 letatur
793 987 828 1020 &
845 997 964 1020 eterna.
992 985 1103 1033 Tagus
1129 997 1238 1020 autem
1254 984 1369 1021 fluvius

339 1039 382 1074 ad
395 1039 536 1074 austrum
550 1038 760 1083 descendens,
773 1038 867 1087 largo
883 1037 949 1073 smu
962 1038 1179 1086 complicitus,
1192 1039 1369 1073 innumeris

339 1092 475 1128 navibus
505 1093 676 1128 stationem
694 1091 807 1140 prebet
831 1091 1025 1127 tutiffimam.
1056 1091 1251 1126 Notandum
1277 1105 1368 1136 vero,

339 1148 431 1196 quod
448 1161 546 1184 naves
565 1161 700 1197 portum
712 1149 830 1183 intrare
847 1147 992 1183 volentes
1008 1146 1116 1182 sinistri
1128 1154 1142 1170 ²
1153 1147 1254 1182 litoris
1270 1147 1369 1183 latere

338 1203 447 1238 secure
468 1201 654 1247 decurrunt,
681 1202 781 1249 usque
798 1201 879 1236 dum
895 1202 929 1236 in
947 1200 1094 1236 faucibus
1111 1199 1207 1249 ipfius
1226 1200 1368 1241 fluminis

338 1268 468 1304 recepte
486 1255 627 1304 oppositi
638 1255 739 1290 litoris
758 1267 908 1290 montem
921 1253 1108 1299 ascendant,
1126 1253 1234 1290 donec
1250 1255 1367 1304 scopu-

336 1310 406 1345 lum
425 1309 586 1344 transeant
606 1309 846 1357 quinquaginta
864 1307 1061 1352 cubitorum,
1078 1308 1112 1342 in
1130 1306 1249 1343 finistro
1269 1309 1368 1346 latere

337 1363 395 1399 sub
413 1364 505 1411 aquis
522 1363 687 1398 latentem.
717 1362 873 1398 Colleffis
893 1363 991 1410 igitur
1009 1362 1044 1396 in
1061 1361 1126 1396 hoc
1142 1374 1241 1409 portu
1258 1363 1366 1398 multis

336 1416 482 1462 navibus,
500 1416 645 1452 adunato
664 1417 767 1451 tocius
780 1416 934 1450 exercitus
952 1414 1086 1450 consilio
1100 1416 1135 1450 &
1147 1415 1275 1462 populo
1288 1418 1367 1453 civi-

336 1472 419 1516 tatis,
439 1471 610 1519 episcopus
627 1470 692 1505 loci
703 1469 786 1504 illius
804 1470 989 1504 sermonem
1003 1468 1122 1503 faciens
1135 1467 1178 1503 ad
1191 1470 1366 1517 populum,

334 1524 527 1574 persuadere
554 1523 725 1568 nitebatur,
754 1536 789 1559 ut
818 1525 851 1559 in
870 1524 1028 1571 Hispania
1050 1535 1231 1558 remaneret
1255 1525 1289 1558 δε
1306 1524 1365 1558 ini-

335 1580 439 1614 micos
465 1577 594 1614 ecclefie
620 1579 655 1612 in
675 1577 777 1613 urbe³
803 1591 867 1625 que
886 1577 990 1612 Alcoz
1017 1576 1135 1612 dicitur
1153 1589 1365 1626 expugnaret,

335 1632 412 1668 utile
429 1632 494 1667 hoc
514 1632 584 1667 fore
601 1633 635 1666 &
654 1631 827 1667 honestum
843 1631 949 1666 multis
976 1630 1154 1666 rationibus
1171 1629 1363 1674 asseverans,

335 1687 428 1721 suum
444 1687 479 1720 &
494 1685 626 1720 suorum
644 1686 679 1720 &
699 1698 815 1733 regum
834 1696 916 1719 terre
942 1683 1106 1732 spondens
1124 1684 1249 1729 auxilia,
1274 1684 1364 1720 lucra

333 1741 527 1788 promittens
558 1753 659 1787 quam
690 1739 839 1787 plurima,
871 1751 999 1773 moram
1029 1736 1094 1773 fine
1125 1738 1220 1773 lucris
1252 1738 1364 1774 utilem

334 1792 488 1841 probans,
513 1806 584 1829 tum
610 1804 745 1841 propter
770 1805 878 1828 rerum
894 1793 1027 1840 copiam
1045 1791 1170 1828 ibidem
1186 1792 1362 1836 venalium,

334 1859 405 1882 tum
422 1859 556 1895 propter
574 1860 701 1882 moram
727 1858 842 1895 regum
859 1847 893 1880 &
905 1846 1105 1894 principum,
1131 1846 1187 1894 qui
1212 1859 1253 1881 eo
1273 1858 1363 1880 anno

333 1913 402 1936 non
429 1899 605 1946 transirent,
631 1912 738 1935 cetera
756 1913 820 1947 que
847 1900 965 1934 rationi
983 1899 1175 1935 videbantur
1193 1899 1362 1935 consenta-

332 1966 396 1990 nea
412 1956 596 1989 annedlens.
623 1953 685 1989 Sed
709 1953 767 1988 hiis
785 1951 937 1988 omnibus
964 1966 1086 2001 magna
1103 1965 1177 2001 pars
1195 1953 1361 1998 exercitus,

332 2007 388 2043 sed
405 2008 559 2056 precipue
576 2008 717 2042 frisones
734 2005 964 2051 reclamabant,
988 2006 1091 2042 multa
1107 2007 1142 2041 in
1159 2007 1362 2041 contrarium

370 2140 380 2155 1
402 2132 431 2157 A.
447 2130 493 2156 vel
505 2130 628 2165 Uliunga5
647 2131 752 2158 videtur
775 2131 817 2166 effe
897 2141 911 2156 2
928 2131 1077 2165 Sequebatur
1090 2130 1172 2156 lateris
1179 2130 1282 2156 deleam
1296 2130 1321 2157 in
1329 2132 1359 2159 Av

333 2171 443 2205 Ulvinga
449 2171 475 2203 s.
485 2180 507 2211 q.
516 2170 568 2207 lupi
569 2171 648 2206 filius.
878 2186 913 2191 -
928 2180 940 2205 3
955 2171 979 2196 in
990 2170 1183 2206 urbesupplevi,
