1624 2788
496 202 536 228 m
554 202 750 228 onsmioNE
769 202 966 229 DAM1ATE.
1179 197 1239 244 163

223 325 286 359 que
310 311 484 347 multitudo
510 325 625 347 eorum
653 326 783 350 mortua
808 326 883 349 erat.
915 314 976 359 Alij
1002 314 1151 351 iacebant
1174 316 1245 351 lan·
1261 333 1320 355 ηις

221 377 358 414 guentes
375 378 437 401 nec
449 365 523 400 suos
537 377 684 401 mortuos
696 368 729 402 in
746 380 847 402 unum
862 367 974 402 locum
988 368 1120 416 sepelire
1137 369 1245 404 valen-

221 430 280 463 tes,
296 417 352 453 sed
367 430 426 466 per
441 418 564 466 plateas
577 420 611 454 &
625 419 745 455 domos
762 419 1006 456 inveniebamus
1024 434 1080 456 eos
1092 422 1244 466 iacentes,

221 471 309 507 unde
325 473 359 506 &
371 471 456 506 fetor
467 471 690 507 intollerabilis
705 485 773 508 erat
784 474 816 508 in
831 474 962 509 civitate
976 486 1054 509 tota.
1075 475 1246 511 Christiani

219 525 339 572 itaque,
351 536 451 559 turres
459 524 678 568 ascendentes,
693 525 808 560 vexilla
819 527 935 561 Sancle
943 527 1060 562 Crucis
1067 528 1245 575 posuerunt

219 578 313 625 super
324 590 388 612 eas.
406 578 572 613 Sarraceni
587 591 697 614 autem
714 578 1022 626 contemplabantur
1039 593 1149 615 muros
1166 582 1243 617 civi-

219 632 292 666 tatis
304 630 447 677 nihilque
464 631 542 666 mali
559 631 808 679 suspicabantur,
826 645 866 666 eo
882 632 974 679 quod
988 634 1070 681 ignis
1084 635 1118 668 &
1136 635 1242 670 fumus

218 683 238 719 Γ
229 697 345 733 gnum
362 682 440 719 effet
469 684 607 729 loldani,
633 686 688 731 qui
706 698 813 720 tantus
830 698 908 730 erat,
934 686 1025 732 quod
1043 687 1155 722 civitas
1174 700 1243 724 tota

216 735 386 773 videbatur
397 737 518 773 ardere
544 739 639 773 Tunc
651 740 806 773 exercitus
819 739 1088 784 Christianorum,
1106 742 1163 787 qui
1177 754 1242 776 erat

215 790 251 824 in
262 788 385 835 sabulo,
403 791 547 825 nesciens
559 791 630 835 hec,
649 792 824 834 infremuit,
841 791 1049 839 videntesque
1064 805 1131 828 tam
1143 796 1243 829 maxi-

216 855 306 878 mam
335 844 419 892 ignis
447 845 592 891 copiam,
622 844 843 889 adcurrerum,
874 845 1088 893 intelligentes
1121 860 1240 892 autem,

216 895 379 932 civitatem
406 896 469 932 effe
487 910 630 945 captam,
658 898 821 945 principes
843 899 951 942 nostri,
982 899 1088 934 clerici
1106 901 1140 934 &
1158 901 1242 946 laici,

215 961 277 996 pro
295 948 418 996 gaudio
435 950 641 986 lacrimantes
658 964 697 986 ac
715 952 748 986 in
767 964 883 987 terram
902 953 1060 999 prostrati,
1079 954 1187 988 Deum
1208 956 1242 989 δε

215 1002 345 1036 Beatam
363 1003 534 1051 Virginem
560 1016 636 1038 cum
664 1003 817 1039 omnibus
843 1006 958 1040 [anais
979 1004 1099 1040 obnixe
1127 1006 1241 1054 depre-

214 1067 335 1100 cantes,
351 1067 386 1090 ut
403 1056 566 1101 Damiata‚
592 1070 655 1104 que
675 1057 755 1092 olim
772 1070 839 1092 erat
856 1070 971 1093 catena
988 1059 1192 1106 captivorum
1207 1062 1241 1095 &

213 1109 358 1144 scortum
377 1109 412 1143 &
434 1108 553 1144 domus
578 1109 812 1156 Sodomorum,
840 1110 918 1146 effet
942 1111 1096 1159 deinceps
1124 1113 1242 1149 domus

213 1161 277 1197 Dei
293 1162 328 1196 ὅ(
344 1161 611 1198 Christianorum.

261 1214 467 1250 LV1.0rta
458 1216 557 1263 1gitur
569 1217 675 1263 prima
689 1216 752 1252 diei
768 1217 851 1261 luce,
870 1230 930 1252 nos
945 1231 1071 1262 omnes,
1089 1218 1241 1254 Christia-

213 1280 332 1302 norum
351 1267 467 1303 vexilla
482 1268 657 1304 videntes'
650 1283 682 1304 1n
706 1282 802 1314 turre,
828 1269 941 1306 flentes
966 1273 1000 1306 ὅ(
1016 1284 1092 1306 cum
1117 1271 1240 1320 gaudio

213 1320 327 1355 oculos
343 1318 387 1355 ad
401 1320 508 1355 celum
521 1321 675 1367 levantes,
692 1324 726 1357 &
740 1324 782 1358 Te
796 1326 894 1358 ‘Deum
909 1325 1067 1360 laudamus
1081 1327 1114 1360 ὅ(
1130 1327 1239 1360 Gloria

213 1377 244 1407 in
262 1374 362 1420 excels
362 1387 379 1408 s
396 1377 465 1408 ‘Deo
478 1387 554 1409 cum
571 1388 695 1422 magno
717 1377 925 1423 perlonantes
943 1378 1098 1425 tripudio,
1117 1379 1240 1425 gracias

211 1427 374 1462 inmensas
400 1427 564 1462 retulimus
588 1429 679 1476 Deos
700 1428 858 1464 Videntes
885 1443 995 1465 autem
1028 1431 1180 1466 soldanus
1206 1432 1240 1465 &

211 1479 409 1523 Coradinus‚
435 1492 591 1527 ceperunt
612 1480 737 1517 dicere:
763 1484 792 1517 0
814 1485 1011 1527 machomet,
1038 1486 1126 1531 usque
1150 1487 1240 1518 hodie

211 1535 350 1579 decepisti
366 1536 443 1567 nos!
462 1535 600 1581 Certe,1fi
619 1536 787 1580 Christiani
800 1538 905 1570 habene
917 1539 1107 1582 Ἐαηιίαιαηι,
1120 1551 1177 1572 ηοη
1197 1538 1240 1572 Te

211 1587 348 1629 colimus,
370 1600 422 1620 nec
443 1588 486 1621 Te
502 1588 717 1623 adorabimus!
738 1589 782 1623 llli
799 1601 909 1624 autem
927 1590 1056 1638 Pagani,
1075 1591 1130 1637 qui
1149 1602 1240 1625 erant

210 1637 299 1673 iuxm
316 1651 416 1674 turres
438 1640 583 1684 civitatis,
614 1653 648 1675 ut
665 1640 815 1676 viderunt
831 1642 939 1676 nostra
960 1643 1086 1687 vexilla,
1119 1642 1240 1678 eildem

211 1690 348 1726 turribus
374 1692 572 1740 superposita
595 1693 714 1741 suaque
731 1694 888 1742 deposita,
919 1696 1085 1731 civitatem
1107 1709 1239 1743 captam

211 1742 286 1789 effe,
305 1746 554 1793 cognoscenteS‚
581 1747 679 1782 tristes
702 1747 744 1782 ad
761 1747 935 1783 dominum
954 1749 1046 1784 luum
1067 1748 1238 1784 ioldanum

211 1810 395 1846 pergentes,
423 1798 586 1846 plorando
608 1799 776 1836 dixerunt:
803 1805 946 1846 Domine,
970 1806 1091 1848 amifizsti
1109 1806 1238 1837 ‘Damia-

211 1864 286 1898 tam,
303 1852 334 1886 6·
346 1853 384 1886 de
397 1865 493 1887 cetero
509 1866 567 1887 non
585 1857 644 1888 erit
660 1856 748 1889 Tua!
766 1853 911 1890 Audiens
927 1868 1036 1890 autem
1054 1855 1119 1890 hoc
1133 1855 1237 1891 solda-

211 1916 282 1963 nus,
314 1905 419 1939 statim
442 1904 608 1951 loquelam
630 1906 771 1954 perdidit
791 1909 826 1942 &
844 1907 969 1955 lignum
995 1909 1079 1954 fecit,
1107 1921 1142 1943 ut
1166 1909 1236 1954 illis,

212 1957 268 2003 qui
290 1957 412 1992 malum
433 1958 675 2003 nunciaverant,
699 1961 806 2007 capita
826 1973 1056 1997 truncarentur.
1083 1962 1238 2009 Cumque

213 2022 270 2057 per
295 2009 375 2046 duas
395 2010 460 2046 fere
482 2010 600 2046 horas
594 2024 626 2047 in
644 2012 706 2047 hac
717 2025 923 2060 permaneret
936 2014 1073 2059 tristicia,
1091 2016 1237 2063 aperiens

214 2062 328 2098 oculos
349 2065 447 2099 erexit
465 2064 495 2099 se
511 2065 556 2108 &,
580 2078 710 2113 arrepto
732 2065 858 2114 gladio,
884 2080 953 2114 quo
979 2080 1046 2103 erat
1063 2069 1236 2113 accintstus,
