1624 2788
416 268 484 303 218
814 275 1040 302 PROPHETIA

411 396 480 420 tent
487 384 608 420 Thurci
623 397 739 420 terram
752 385 853 428 illam,
865 398 966 433 quam
979 385 1129 421 admittet
1143 385 1299 421 dominus
1312 383 1446 431 consilii,

410 437 561 474 videlicet
575 437 730 473 dominus
746 439 853 474 vexilli
871 440 993 483 crocei,
1011 440 1046 475 &
1059 439 1124 474 hoc
1138 440 1196 474 erit
1209 438 1337 488 lignum
1353 438 1447 474 huius

411 492 466 537 rei,
487 493 563 540 quia
579 492 712 527 venient
729 491 866 528 inmensi
885 493 1040 528 exercitus
1055 491 1126 542 [ab]
1142 493 1355 528 ultramarinis
1372 505 1447 541 par-

411 544 506 591 tibus,
524 546 642 594 sponte
656 546 712 581 sua
731 547 926 596 congregati
939 547 1107 592 exercitus,
1125 546 1202 583 ficut
1218 542 1341 582 locuste
1354 546 1449 595 super

412 610 528 634 terram
550 599 666 648 Egipti‚
688 601 722 635 δε
742 600 801 635 erit
817 600 950 636 illorum
967 599 1105 636 inceffus
1123 613 1283 648 tanquam
1299 601 1448 647 tonitrus,

411 653 558 702 clangor,
584 666 702 699 terr0r3
720 653 843 701 absque
862 655 980 689 timore
998 655 1113 689 mortis
1127 666 1232 699 erunt,
1249 653 1449 690 &incedent

410 706 526 743 vexilla
553 720 677 743 eorum.
715 707 730 756 (
739 709 794 755 17)
822 708 856 744 Et
887 707 985 744 ducet
1015 722 1072 743 eos
1102 708 1236 756 quidam
1267 709 1316 744 vir
1339 720 1449 744 macer

410 760 512 804 vultu,
526 761 643 796 statura
657 761 811 809 prolixus,
826 761 870 797 ad
884 763 973 797 cuius
985 763 1162 810 imperium
1177 775 1294 798 omnes
1303 760 1447 807 stabunt;

410 814 465 850 sed
485 816 544 850 erit
558 815 624 850 eius
638 816 813 863 imperium
834 816 927 864 super
943 829 1035 865 reges
1053 816 1184 864 eiusque
1199 814 1359 852 mandato
1377 816 1447 851 uni-

410 868 487 904 versi
503 868 679 917 parebunt3
693 871 728 904 &
740 869 806 904 hoc
821 869 920 918 [non]
936 870 980 905 est
995 869 1227 905 admirandum
1242 870 1348 914 nimis,
1363 882 1446 918 quo-

411 923 500 957 niam
518 922 560 957 ad
582 922 678 971 ipfius
696 922 764 958 iuff
761 937 817 958 um
835 922 964 959 stabunt
988 923 1123 959 univerfi
1141 925 1308 968 exercitus,
1326 925 1361 959 δε
1381 923 1447 958 hoc

412 977 455 1011 est
472 976 629 1012 iudicium
647 977 722 1021 Dei,
742 979 902 1024 quoniam
919 977 1026 1025 ipsum
1043 978 1170 1026 semper
1186 978 1323 1014 vie‘toria
1343 977 1446 1012 comi-

410 1042 506 1074 tatur,
525 1043 641 1065 omnes
659 1031 733 1065 suos
749 1030 949 1067 adversarios
968 1030 1162 1079 superando.
1181 1031 1261 1080 (18)
1278 1031 1330 1067 Ve
1341 1030 1446 1066 Thur-

411 1083 455 1118 cis
477 1084 510 1118 in
541 1083 654 1119 diebus
684 1084 767 1120 illius
791 1086 892 1120 macri
926 1085 1083 1121 hominis!
1114 1084 1327 1133 Disperdetur
1358 1085 1446 1120 enim

411 1150 550 1185 regnum
568 1138 777 1174 Thurcorum
794 1150 945 1187 tempore
963 1139 1033 1183 suo,
1057 1140 1134 1186 quia
1151 1138 1192 1173 fic
1209 1139 1253 1174 est
1274 1138 1448 1174 stabilitum

410 1204 430 1225 a
442 1192 527 1237 Deo,
542 1193 576 1227 δε
590 1191 660 1241 fi[c]
673 1192 818 1240 quidem,
835 1205 869 1228 ut
882 1193 1070 1240 alloquitur,
1090 1192 1183 1240 quod
1196 1194 1231 1228 in
1245 1193 1355 1228 mense
1366 1191 1447 1227 iulio

410 1244 529 1293 peribit
554 1259 694 1295 regnum
711 1248 746 1282 &
762 1247 928 1296 refugium
954 1247 1171 1282 Thurcorum.
1199 1247 1281 1295 (19)
1307 1246 1342 1282 Et
1369 1258 1448 1288 tunc

411 1423 496 1446 autre
512 1416 618 1446 moitie
629 1433 638 1449 1
654 1418 818 1457 perderont
833 1417 854 1448 li
865 1418 956 1448 Ture
971 1417 999 1448 le
1012 1425 1075 1448 tere
1091 1428 1150 1458 que
1162 1417 1182 1448 li
1199 1416 1268 1449 fires
1283 1418 1320 1448 de
1335 1418 1446 1449 conseil

412 1460 492 1500 prist,
508 1460 548 1490 cil
561 1461 613 1501 qui
627 1470 715 1501 porte
730 1461 758 1492 le
772 1473 872 1504 gaune
884 1462 1034 1504 enseigne,
1049 1462 1078 1493 &
1088 1462 1126 1493 de
1137 1462 1194 1493 che
1205 1469 1250 1492 ert
1261 1463 1305 1494 tt'es
1318 1462 1337 1493 li
1350 1461 1446 1504 signes

411 1516 470 1545 que
487 1515 577 1546 grans
593 1517 627 1536 os
644 1515 776 1538 venront
790 1507 908 1538 d’outre
924 1519 989 1538 mer
1003 1507 1033 1539 &
1047 1507 1067 1538 fi
1086 1507 1267 1539 ass'anleront
1282 1507 1319 1538 de
1334 1506 1381 1538 lor
1395 1507 1446 1548 gre

412 1560 449 1579 en
465 1549 492 1579 le
515 1557 576 1580 tere
593 1550 745 1592 d'Egypte
770 1552 840 1582 auffl
855 1551 1051 1593 espess'ement
1076 1563 1198 1583 comme
1220 1551 1307 1583 fisent
1328 1552 1386 1582 cha
1409 1562 1446 1582 en

412 1594 522 1624 arriere
543 1594 585 1624 les
601 1594 741 1634 laoustes,
766 1596 795 1627 δι
818 1595 838 1626 fi
855 1597 934 1627 iront
954 1605 1046 1629 avant
1067 1597 1136 1627 auffi
1158 1607 1281 1628 comme
1302 1607 1358 1628 uns
1378 1603 1447 1627 ton-

412 1638 524 1677 noires,
550 1638 579 1669 &
595 1648 738 1671 menront
754 1649 843 1682 grant
861 1641 943 1672 noise
958 1641 988 1672 &
1001 1649 1091 1683 grant
1105 1642 1187 1672 bruit
1200 1641 1230 1672 δι
1245 1641 1345 1672 feront
1359 1647 1448 1682 grant

412 1694 487 1723 peut
509 1694 526 1713 a
546 1683 592 1713 lor
609 1685 736 1724 anemis,
758 1685 787 1716 &
801 1685 821 1716 fi
836 1694 921 1716 erent
935 1686 999 1717 sans
1015 1697 1090 1727 peut
1115 1686 1153 1716 de
1176 1694 1258 1717 mort
1276 1686 1306 1717 &
1326 1685 1347 1716 fi
1366 1685 1447 1716 iront

412 1736 503 1758 avant
517 1727 564 1758 lor
579 1728 743 1770 enseignes.
765 1731 825 1771 (17)
842 1730 911 1761 Uns
926 1731 1003 1762 hons
1019 1731 1148 1772 maigres
1164 1741 1217 1771 par
1227 1730 1319 1760 viaire
1335 1729 1365 1760 ὅτ,
1379 1729 1447 1760 lons

413 1782 466 1811 par
489 1782 556 1803 cors
572 1783 678 1804 menra
691 1774 779 1804 chele
794 1782 876 1815 gent,
898 1774 928 1805 δε
943 1782 1027 1805 erent
1049 1782 1116 1805 tout
1137 1785 1154 1805 a
1174 1774 1224 1806 son
1246 1774 1446 1805 commande-

414 1824 518 1854 ment;
539 1816 567 1847 sa
582 1817 750 1858 seigneurie
765 1829 812 1849 ers
829 1817 926 1849 deffur
941 1819 970 1849 la
989 1818 1155 1860 seignourie
1171 1819 1223 1850 des
1238 1829 1317 1860 roys,
1334 1817 1364 1849 &
1379 1825 1447 1848 tout

412 1860 555 1891 obeiront
574 1873 591 1892 a
606 1861 657 1892 son
673 1863 944 1894 commandement
955 1872 970 1888 2
987 1863 1017 1894 δι
1032 1863 1100 1894 iche
1114 1871 1161 1894 ert
1174 1863 1445 1894 commandemens

414 1903 443 1935 &
458 1904 596 1936 volentes
612 1906 650 1936 de
668 1906 762 1946 Dieu,
781 1917 832 1937 car
848 1907 868 1938 il
883 1919 901 1938 a
916 1916 984 1939 tous
999 1915 1065 1938 tans
1081 1907 1110 1938 la
1123 1908 1240 1939 νίόὶοτε
1253 1918 1291 1938 en
1307 1907 1446 1938 surmon-

413 1957 480 1980 tans
497 1957 565 1981 tous
581 1950 623 1981 ses
639 1951 762 1982 anemis.
780 1951 839 1991 (18)
856 1951 996 1983 Dolours
1011 1951 1040 1983 δι
1056 1952 1192 1983 tristours
1207 1960 1254 1983 ert
1268 1963 1299 1983 as
1313 1951 1411 1991 Turs,
1433 1959 1445 1982 3

412 2004 464 2023 car
481 1993 542 2024 enfi
558 1994 596 2025 l’a
611 1994 676 2025 Dix
692 1995 795 2026 establi
811 1995 841 2027 &
855 1996 954 2027 devise
970 2007 986 2027 a
1000 1996 1086 2036 estre,
1111 1996 1140 2027 δι
1154 1995 1175 2026 fi
1189 2007 1265 2028 vous
1280 1997 1310 2027 di
1326 1997 1394 2027 voit
1408 1996 1446 2026 de

411 2038 494 2068 chest
519 2039 621 2078 afaire,
648 2050 700 2071 car
728 2039 757 2071 el
778 2041 857 2071 mois
880 2041 918 2071 de
938 2041 1060 2082 juignet
1085 2041 1185 2082 perira
1210 2041 1230 2071 li
1250 2051 1358 2082 regnes
1381 2039 1411 2071 ὅτ
1425 2039 1446 2070 li

451 2136 459 2151 ι
479 2128 536 2153 Coa.
551 2127 589 2153 his
602 2128 625 2153 &
642 2134 712 2154 autre
726 2128 821 2154 moitie.
839 2144 873 2148 —
892 2139 906 2154 2
921 2129 1019 2163 Aliquot
1036 2130 1122 2155 verba
1139 2129 1178 2154 ln‘c
1199 2129 1272 2162 omifit
1283 2128 1447 2162 amanuenfis5

411 2166 443 2198 cf.
458 2166 561 2192 latinum
575 2173 674 2193 textum.
696 2183 726 2186 —
742 2178 753 2200 3
768 2169 862 2201 Rursus
876 2170 987 2202 qua-dam
999 2168 1087 2195 omittit
1097 2169 1257 2202 amanuenfis.
