1624 2788
358 266 408 304 44
812 264 939 291 Ges-m

209 381 348 422 ⁴¹2123-1219
362 374 483 421 afflidli,
510 388 587 410 cum
604 374 707 409 multa
730 374 901 422 paciencia
927 375 1107 423 migrarunt
1132 373 1174 409 ad
1193 374 1387 411 Dominum.

362 427 511 476 Qidam
528 440 638 463 autem
650 428 749 475 usque
763 426 806 462 ad
823 440 953 476 tempus
966 428 1097 463 vernale
1110 426 1273 472 durantes,
1291 426 1389 463 bene-

361 481 438 516 ficio
458 481 574 516 caloris
592 481 760 517 evaserunt
777 481 965 529 periculum.
992 482 1062 516 Post
1079 481 1201 516 dietam
1218 481 1390 529 tempesta—

362 547 431 570 tem
447 547 546 570 naves
563 535 680 569 iterum
697 533 895 582 parabantur
911 534 954 569 ad
972 533 1138 569 transitum
1154 533 1306 579 fluminis,
1325 546 1391 581 que

363 600 440 623 cum
456 600 582 636 magno
608 587 752 635 periculo
771 588 892 623 sursum
904 587 1114 623 ascendentes
1130 588 1214 623 inter
1226 588 1392 623 civitatem

363 643 397 677 &
423 641 535 676 turrim
559 653 691 689 captam
715 641 874 676 machinis
898 642 932 676 &
952 641 1030 690 igne
1055 654 1156 690 greco
1179 654 1256 676 cum
1280 639 1391 676 iaculis

363 695 539 743 plurimum
556 694 629 729 sunt
645 693 812 742 impedite.

411 747 509 784 Unde
526 747 655 794 accidit,
674 761 709 784 ut
721 761 786 783 una
799 762 839 784 ex
856 747 992 784 navibus
1006 748 1265 796 templariorum,
1282 747 1314 783 vi
1328 758 1392 782 tor-

363 802 478 849 rentis¹·
486 814 589 849 rapta,
600 815 704 850 prope
713 803 819 850 ripam
827 802 963 838 civitatis
972 802 1216 850 precipitaretur
1225 800 1267 836 ad
1276 801 1393 845 hostes,

364 857 509 903 quicum
527 854 671 891 barbotis
684 857 718 890 δε
733 856 858 890 uncinis
873 856 979 890 ferreis
992 856 1095 903 ipsam
1103 853 1393 903 impugnaverant,
1407 866 1442 895 n„
1453 875 1474 897 p.
1485 873 1568 896 agne.
1579 873 1601 890 ι.

362 910 476 957 ignem
503 921 636 957 grecum
666 922 742 943 cum
758 908 921 956 lapidibus
951 907 992 943 de
1011 907 1148 943 turribus
1173 908 1391 955 proficientes.

363 962 397 997 Et
423 975 500 997 cum
521 960 562 996 fic
590 962 753 1009 prevalere
774 975 843 997 non
870 961 1000 1009 possent
1029 974 1163 1009 propter
1185 961 1394 997 defensorum

364 1015 546 1058 audaciam,
573 1028 691 1051 navem
710 1023 724 1038 ²
744 1014 954 1051 ascendentes
980 1014 1022 1050 ad
1038 1015 1226 1062 templarios
1243 1013 1395 1050 ascende-

365 1081 448 1114 runt,
466 1067 522 1104 ubi
540 1082 616 1104 cum
634 1068 804 1104 diutiffime
821 1081 1032 1117 pugnaretur,
1056 1067 1191 1104 tandem
1209 1069 1298 1104 navis
1321 1080 1396 1116 per-

366 1121 482 1167 forata,
503 1122 566 1159 five
584 1122 624 1158 ab
641 1121 796 1167 hostibus,
823 1121 885 1158 sive
903 1136 921 1157 a
940 1123 1065 1167 nostris,
1092 1122 1241 1166 nescitur,
1259 1121 1395 1169 profun-

365 1175 446 1211 dum
467 1177 566 1225 peciit
591 1175 800 1225 submergens
823 1176 978 1225 Egyptios
998 1188 1075 1210 cum
1093 1175 1269 1210 christianis
1297 1174 1394 1218 ade0‚

365 1243 400 1265 ut
423 1229 501 1264 mali
518 1230 684 1264 summitas
710 1230 804 1277 super
832 1242 953 1277 aquam
977 1230 1030 1264 vix
1055 1241 1237 1277 appareret,
1264 1230 1299 1263 &
1318 1227 1397 1263 ficut

364 1284 500 1319 Samson
527 1283 670 1318 moriens
693 1283 798 1330 plures
826 1283 932 1319 stravit
958 1296 1059 1330 quam
1082 1283 1205 1327 vivens,
1235 1280 1277 1316 fic
1297 1281 1396 1316 &isti

364 1348 520 1382 martyres
532 1345 543 1367 ³
556 1337 662 1385 plures
673 1337 783 1372 secum
793 1349 956 1372 traxerunt
968 1337 1001 1371 in
1015 1349 1100 1383 aque
1112 1336 1281 1384 voragine,
1295 1348 1396 1383 quam

364 1389 481 1438 gladiis
500 1390 680 1426 interficere
699 1389 888 1439 potuissent,
914 1403 1055 1438 cumque
1077 1390 1163 1425 cives
1181 1389 1333 1424 Damiate
1347 1389 1395 1423 in-
1410 1401 1604 1431 v.,f.s=⁰,c.1.

366 1444 547 1478 fortunium
563 1444 656 1479 suum
670 1445 816 1491 quinque
830 1443 944 1479 diebus
959 1441 1166 1492 planxissent,
1183 1441 1301 1477 exinde
1312 1454 1397 1490 pon-

364 1510 432 1533 tem
445 1509 629 1544 reparantes
647 1509 832 1545 aperturam
846 1496 930 1532 adeo
949 1497 1147 1544 reliquerunt
1164 1496 1347 1544 angustam,
1363 1508 1398 1531 ut

365 1563 463 1586 naves
481 1552 587 1585 nostre
604 1549 668 1586 fine
685 1550 830 1598 periculo
849 1548 978 1585 tranfire
995 1563 1064 1585 non
1082 1547 1224 1597 possent.
1255 1548 1398 1584 Theuto-

365 1604 431 1638 nici
441 1617 519 1639 vero
532 1605 567 1639 &
579 1605 731 1648 frisones,
743 1604 814 1639 zelo
827 1603 906 1638 iuste
920 1603 1163 1652 indignacionis
1177 1601 1311 1647 accenfi,
1322 1615 1398 1637 cum

366 1658 504 1692 minima
521 1657 607 1702 navi,
633 1657 719 1706 galia
740 1669 938 1704 nuncupata,
965 1669 1104 1704 pontem
1128 1655 1259 1691 viriliter
1275 1656 1397 1691 invase-

366 1724 450 1756 runt,
476 1713 511 1746 δε
535 1712 595 1747 viri
615 1724 685 1746 non
707 1711 813 1758 plures
840 1723 939 1757 quam
962 1709 1078 1745 decem
1103 1722 1180 1744 cum
1197 1709 1261 1744 Dei
1279 1709 1397 1744 auxilio

368 1777 482 1800 contra
520 1778 656 1800 omnem
692 1764 949 1810 Babyloniorum
982 1762 1227 1799 multitudinem
1260 1775 1398 1810 pontem

368 1817 588 1862 ascendentes,
604 1831 676 1854 cetu
690 1818 861 1853 christiano
874 1803 1040 1865 speQaffle
1054 1818 1089 1852 &
1101 1817 1187 1852 hanc
1199 1815 1398 1864 probimtem

369 1872 545 1920 plurimum
558 1872 744 1917 extollente,
764 1872 929 1920 fregerunt
945 1872 979 1906 &
992 1869 1033 1905 fic
1050 1883 1127 1905 cum
1139 1882 1294 1917 quattuor
1308 1870 1397 1904 navi-

368 1924 438 1970 bus,
457 1926 550 1974 super
564 1939 644 1973 quas
658 1938 725 1960 erat
738 1937 823 1972 pons
838 1924 1003 1968 fundatus,
1016 1936 1094 1959 cum
1106 1923 1271 1971 triumpho
1286 1919 1398 1958 reversi

369 1980 451 2024 sunt,
464 1980 553 2015 viam
567 1978 702 2015 liberam
715 1981 749 2014 δε
761 1991 909 2026 apertam
922 1978 1043 2013 sursum
1055 1975 1289 2013 velificantibus
1302 1975 1399 2010 relin-

370 2045 516 2080 quentes.
544 2034 708 2068 Sarraceni
733 2033 806 2081 post
830 2032 891 2068 hec
917 2031 1096 2079 periculum
1120 2029 1202 2066 fibi4
1223 2030 1398 2065 imminens

411 2162 419 2178 ι
431 2154 505 2180 Codd.
511 2153 632 2178 currentis
643 2157 689 2187 pro
700 2151 822 2178 torrentis.
831 2167 864 2170 -—
871 2161 885 2178 2
894 2153 922 2178 V.
931 2160 1002 2177 nave.
1010 2166 1044 2170 —
1051 2159 1063 2185 3
1070 2151 1146 2178 Codd.
1152 2155 1253 2176 matres.
1260 2158 1315 2181 —4
1321 2150 1349 2176 V.
1358 2149 1396 2176 fic.
