1624 2788
179 1159 245 1183 &31-

161 1322 182 1344 p.
193 1315 246 1343 481.

538 280 588 306 DE
612 279 771 305 numm:
796 278 996 305 FRlsoNUM.
1231 266 1275 314 65

256 392 369 427 mitate
383 397 392 413 ¹
407 390 544 438 spiritus,
557 402 622 438 que
640 390 766 437 semper
778 389 917 425 nascitur
930 403 968 425 ex
981 391 1152 439 prosperiS,
1162 403 1279 428 terram
1296 401 1353 423 ¹²¹7

256 444 516 490 conscendimus,
540 444 705 480 civitatem
731 443 874 479 eiusdem
891 445 1032 479 nominis
1050 458 1145 479 muro
1163 447 1196 480 &
1213 457 1280 480 tur-

256 498 343 534 ribus
370 497 478 533 multis
508 498 667 532 munitam
692 495 885 532 obsedimus.
918 497 1052 533 Civibus
1082 499 1115 533 in
1143 499 1280 534 insulam

258 552 444 588 ulteriorem
457 549 580 599 elapsis,
599 550 710 586 civitas
725 549 868 585 desolata
885 551 1035 586 inimicos
1052 551 1125 586 suos
1143 553 1196 587 sue
1209 552 1280 587 soli-

258 604 376 641 tudinis
401 605 528 652 accepit
552 603 713 638 solatium.
745 604 848 638 Cuius
869 602 995 638 edificia
1013 606 1146 640 materia
1163 607 1197 640 &
1214 618 1281 642 arte

257 658 425 708 fulgentia,
450 659 558 694 vineas
582 659 617 692 δε
633 658 783 706 pomeria
799 658 862 692 &a
880 656 976 692 nobis
999 658 1219 706 vendicantes,
1247 661 1281 695 in

257 711 384 748 labores
405 711 543 747 aliorum
568 711 766 755 intravimus,
794 711 946 757 ortosque
961 712 995 745 &
1012 713 1132 756 vineas,
1152 713 1230 748 ficus
1248 715 1282 749 &

258 765 346 800 oleas
359 766 394 800 &
410 777 510 800 omne
523 778 625 813 genus
639 763 761 799 arboris
775 764 936 812 pomifere
950 764 1151 810 succidimus,
1169 767 1281 802 mahu—

258 819 460 866 meriamque
480 818 623 866 ipsorum
651 818 745 852 tantis
769 815 931 865 impensis,
956 829 1047 852 tanto
1067 820 1281 855 constru<stam

258 871 402 920 ingenio,
417 884 452 906 ut
463 872 612 907 referenti
624 884 724 907 nemo
738 870 892 914 crederet,
908 870 950 906 ad
963 872 1168 907 referendum
1181 887 1281 909 nemo

259 924 429 969 sufficeret,
443 925 514 960 solo
534 925 734 972 equavimus,
756 925 845 959 cuius
862 924 951 972 ligna
966 924 1130 960 coloribus
1147 927 1281 976 fulgida,

258 977 390 1015 floribus
415 977 532 1023 excisis,
555 979 588 1013 in
611 978 723 1013 nostris
743 985 757 1000 ²
775 976 878 1012 usibus
906 977 1086 1013 neceffariis
1115 979 1282 1028 deputavi-

257 1045 341 1078 mus,
365 1033 400 1067 &
415 1033 516 1079 usque
538 1031 582 1067 ad
599 1031 688 1067 diem
715 1031 792 1066 lune
817 1030 939 1066 ibidem
956 1045 1193 1080 permanentes,
1212 1047 1283 1070 tan·
1296 1048 1355 1077 Aug.
1367 1054 1388 1076 7.

259 1085 336 1121 dem
360 1086 488 1121 saturati
510 1085 630 1133 spoliis,
659 1084 807 1132 reliquias
831 1085 966 1120 civitatis
988 1097 1045 1132 per
1071 1087 1183 1134 ignem
1201 1088 1282 1124 iudi-

259 1140 418 1184 cavimus3
447 1139 587 1186 velisque
618 1139 731 1174 levatis
748 1139 847 1185 usque
869 1138 911 1173 ad
936 1139 1042 1174 fauces
1059 1140 1153 1175 striffl
1176 1143 1283 1188 maris,

259 1191 352 1242 quod
369 1192 496 1228 Ostrior
518 1191 644 1230 dicunt,
672 1191 791 1226 eodem
819 1204 919 1227 vento
946 1193 981 1226 &
999 1193 1073 1227 velo
1093 1194 1284 1241 volavimus,

260 1246 316 1282 ubi
329 1259 406 1282 euro
420 1247 451 1282 se
465 1258 668 1295 opponente,
690 1246 783 1294 super
796 1247 946 1282 anchoris
960 1249 1092 1282 nostem
1107 1249 1282 1297 exegimus.

259 1300 357 1336 Mane
372 1313 449 1336 vero
462 1300 566 1335 ventis
584 1298 760 1335 furentibus
777 1299 819 1334 ad
834 1300 970 1335 insulam
983 1299 1165 1349 predi6lam
1183 1302 1284 1337 redire

261 1352 406 1401 conpulsi
437 1352 558 1388 damna
587 1354 622 1388 ὃ(
644 1352 786 1400 pericula
819 1354 853 1388 &
878 1353 994 1388 multas
1012 1355 1202 1402 pertulimus
1229 1369 1286 1391 an-

261 1406 387 1456 gustias.
415 1406 568 1455 Qatuor
585 1407 695 1454 itaque
713 1404 824 1441 diebus
845 1407 1000 1442 continue
1017 1407 1224 1444 ascendendo
1242 1409 1284 1444 ad

261 1459 368 1495 celum
385 1461 419 1495 δί
438 1459 667 1495 descendendo
694 1459 794 1506 usque
818 1459 860 1494 ad
885 1458 1003 1495 abiffos
1029 1459 1175 1496 flufflbus
1200 1462 1286 1497 iratis

261 1514 370 1548 iatstati
386 1511 444 1548 sub
471 1512 583 1558 insula,
607 1524 722 1548 ventos
747 1513 837 1560 sequi
860 1514 894 1547 &
919 1514 1000 1548 mari
1017 1514 1199 1561 procelloso
1226 1529 1286 1550 nos

261 1566 476 1611 committere,
494 1565 586 1614 quod
599 1565 730 1614 plurimi
743 1564 947 1610 timebamus,
966 1565 1179 1602 iudicavimus
1198 1569 1285 1603 tutis-

261 1618 390 1663 fimum,
407 1618 487 1654 illud
503 1619 624 1654 Senece
646 1618 688 1654 ad
710 1618 867 1653 Lucillum
892 1619 1084 1654 recolentes:
1101 1622 1134 1655 In
1151 1625 1285 1668 tempesta

260 1674 473 1720 navigantibus
502 1673 547 1707 nil
577 1687 647 1718 eque
673 1674 834 1707 timendum
864 1686 950 1717 quam
979 1685 1096 1708 terram.
1125 1674 1285 1709 Anchoris

260 1726 370 1773 imque
384 1727 488 1774 prima
504 1725 649 1762 sabbathi
662 1739 758 1760 mane
772 1725 896 1770 levatis,
908 1724 962 1760 sed
976 1724 1119 1772 pluribus
1132 1727 1164 1761 in
1180 1727 1285 1763 fundo
1298 1740 1356 1768 Aug.
1372 1746 1405 1761 12.

259 1778 387 1825 remis,
407 1780 453 1816 86
471 1792 569 1814 naves
585 1779 720 1814 statione
739 1779 852 1824 soluta,
871 1777 926 1814 ubi
943 1792 1010 1814 erat
1030 1779 1154 1827 spiritus
1171 1793 1286 1816 vento—

259 1844 333 1868 rum
360 1834 395 1867 &
413 1832 630 1880 procellarum
654 1833 806 1880 impetuS,
834 1832 908 1867 illuc
933 1831 1125 1876 ferebantur,
1153 1833 1229 1868 fidei
1253 1835 1287 1869 &

260 1883 418 1933 propositi
445 1884 625 1920 scindentes
648 1886 815 1930 unitatem,
840 1885 1029 1920 necessitatis
1054 1898 1188 1933 urgente
1215 1887 1286 1921 arti-

261 1937 346 1973 culo.
376 1938 446 1973 Nos
467 1950 547 1974 vero
573 1938 606 1973 in
628 1950 761 1986 portum
787 1938 926 1986 Hispalis
951 1950 1082 1987 magne,
1112 1951 1175 1986 que
1200 1951 1287 1974 nunc

261 1989 372 2026 Sibilia
404 1990 531 2036 dicitur,
565 2003 633 2026 non
664 1989 728 2026 sine
755 2004 880 2039 magno
912 1991 1057 2039 periculo
1087 1992 1284 2028 intravimus.

263 2044 426 2079 Dominus
441 2057 551 2079 autem
568 2044 624 2091 qui
638 2043 769 2079 deducit
786 2043 828 2079 ad
845 2044 964 2079 inferos
981 2046 1015 2079 &
1032 2044 1165 2089 reducit,
1183 2044 1286 2080 humi-

302 2169 310 2184 1
334 2160 365 2184 A.
379 2159 561 2193 magnimitate,
578 2173 610 2178 —-
625 2169 638 2184 2
650 2158 735 2184 nostris
748 2159 864 2184 incertum
877 2158 902 2183 in
917 2160 945 2183 A.
