1624 2788
32 610 68 637 B„
78 615 99 638 p.
109 608 162 636 2²8,
177 617 197 631 c.
210 617 230 632 1.

31 1082 70 1109 V„
84 1081 100 1105 f.
110 1083 164 1110 ⁶1⁰,
173 1091 192 1106 c.
203 1090 223 1107 1.

25 1938 60 1967 B„
71 1947 92 1969 p.
103 1939 156 1967 228,
167 1946 186 1962 e.
201 1945 219 1961 ι.

462 221 767 247 CRUCIGERORUM
792 221 1076 247 RHENANORUM.
1225 221 1271 260 39

243 331 372 376 accidit,
395 343 430 366 ut
446 332 480 366 in
497 329 692 366 Ascenfione
706 331 856 375 Domini,
873 330 1032 378 quando¹
1046 343 1145 366 naves
1161 331 1272 379 egredi

243 383 419 429 debebant,
433 397 531 433 prout
547 386 740 428 iuraverant,
756 398 795 419 ex
807 385 970 432 insperato
984 385 1101 433 viginti
1113 396 1175 419 tres
1190 397 1271 432 cog-

243 450 347 486 gones
364 437 591 485 lubsequentes
608 437 820 485 applicarent.

292 491 390 526 Porro
409 504 484 526 cum
507 491 657 535 maiores,
683 503 759 525 cum
787 490 879 538 ligno
910 491 1018 525 san6e
1042 492 1144 526 crucis
1161 504 1272 539 prece-

244 543 357 579 dentes
375 544 648 593 congregacionis
661 544 775 578 locum
794 543 883 591 apud
897 544 1083 578 Distritstum
1099 545 1270 589 servarent,

244 597 355 633 claffes
369 598 535 632 minorum
553 599 588 632 &
600 597 782 641 humilium,
799 597 927 632 Christo
940 604 954 619 2
966 596 1059 642 duce,
1082 598 1271 632 Damiatam

242 651 327 686 insta
343 650 487 686 triduum
509 650 748 699 applicuerunt,
768 652 803 685 δε
819 651 939 685 mirum
956 649 1056 693 dista,
1076 651 1131 697 qui
1150 650 1270 686 tardius

242 704 362 739 Achon
379 717 399 739 a
417 716 510 753 tergo
528 703 732 750 reliquerant,
761 716 819 750 per
837 701 916 737 duas
936 701 1071 749 quidam
1090 702 1270 739 hebdoma-

241 756 299 792 das
316 756 451 804 quidem
469 759 504 792 &
521 757 625 804 supra,
643 757 743 803 aliqui
763 757 867 791 eciam
883 769 942 803 per
959 757 1115 801 mensem,
1134 757 1186 792 vel
1199 771 1270 792 am-

240 810 323 857 plius
340 811 422 846 mari
438 811 509 845 sunt
526 809 660 854 detenti,
686 810 835 844 Domino
853 821 963 843 autem
981 809 1152 844 humilium
1171 810 1269 846 affec-

241 875 310 898 tum
333 863 502 911 dirigente,
521 863 662 898 frisones
679 864 713 898 &
730 863 927 898 Theutonici
949 875 1026 897 cum
1043 863 1112 898 aliis
1130 876 1268 899 numero

238 917 350 964 paucis
371 929 489 952 terram
504 915 657 951 audac'ter
672 915 905 951 conscendunt.
930 916 1060 964 Pagani,
1077 916 1191 952 nostris
1209 915 1268 951 ob-

238 971 372 1014 viantes,
382 970 547 1004 frisonicis
561 981 717 1004 corruunt
724 969 804 1014 telis,
813 970 988 1016 ceterisque
1001 969 1132 1005 viriliter
1138 968 1268 1017 repulfis

238 1024 375 1058 tentoria
392 1024 476 1058 inter
491 1035 581 1057 mare
596 1024 631 1057 &
642 1022 754 1057 Nilum
772 1021 992 1058 decentissime
1011 1022 1083 1057 sunt
1101 1022 1263 1058 ordinata.

285 1076 451 1121 Dauniam,
477 1075 511 1110 id
529 1076 584 1119 est,
610 1077 761 1111 omnium
786 1076 955 1111 civitatum
977 1075 1093 1124 Egypti
1119 1075 1267 1121 domina,

235 1132 269 1166 in
286 1131 356 1178 ripa
372 1129 437 1164 Nili
454 1130 542 1164 iuxta
570 1143 659 1165 mare
676 1142 837 1178 magnum
864 1130 897 1164 in
916 1129 1018 1164 insula
1035 1130 1139 1164 immo
1158 1130 1266 1178 super-

235 1182 351 1219 florida
363 1190 375 1212 ³
399 1183 443 1218 est
466 1182 530 1218 fita.
551 1183 625 1218 Hec
638 1184 736 1231 pratis
762 1184 888 1231 semper
906 1181 1092 1227 virentibus,
1110 1182 1211 1218 hortis
1228 1197 1267 1219 ac

234 1237 399 1286 pomeriiS‚
427 1236 543 1284 palmis
569 1238 604 1271 &
627 1235 797 1272 arboribus
823 1235 1021 1271 nobilissimis
1047 1236 1266 1284 iocundatur3

235 1291 319 1326 muri
352 1290 489 1326 civimtis
513 1291 647 1326 turrium
668 1289 857 1325 fortitudine
887 1289 1104 1337 superbientes
1143 1289 1266 1327 foffatis

233 1356 273 1379 ac
298 1342 403 1379 fluviis
430 1345 737 1392 circumcinguntur.
761 1343 878 1378 Versus
897 1343 1116 1388 occidentem,
1134 1343 1190 1379 ubi
1207 1358 1266 1393 per

234 1395 345 1431 Nilum
372 1398 528 1445 prestatur
551 1396 668 1440 aditus,
694 1410 753 1444 pro
779 1395 912 1430 custode
934 1397 967 1430 in
994 1395 1106 1430 medio
1124 1396 1265 1433 fluminis

235 1449 329 1484 huius
343 1449 445 1497 pofita
462 1451 506 1485 est
524 1452 626 1494 turris,
646 1463 709 1497 que
723 1450 821 1484 clavis
840 1449 992 1484 Damiate
1005 1450 1039 1483 ὃ(
1054 1461 1150 1496 porta
1166 1452 1264 1486 totius

235 1502 349 1551 Egypti
362 1503 466 1550 potest
480 1505 676 1550 nuncupari3
694 1516 772 1538 nam
785 1515 880 1537 muro
894 1503 1030 1537 civitatis
1043 1503 1084 1538 ad
1100 1503 1184 1538 hanc
1201 1515 1264 1538 tur-

235 1556 296 1591 rim
313 1555 451 1590 cathena
475 1555 586 1591 Nilum
603 1556 758 1591 claudens
776 1555 989 1603 protenditur,
1008 1568 1071 1602 que
1089 1556 1162 1590 solis
1181 1570 1263 1592 mer-

235 1608 409 1653 catoribus,
427 1608 470 1644 ad
488 1608 679 1657 replendam
697 1609 858 1657 Egyptum
877 1608 1107 1652 festinantibus,
1126 1609 1167 1645 ad
1185 1609 1263 1644 effu-

238 1661 362 1698 sionem
379 1662 522 1697 thelonei
540 1662 631 1706 solita
649 1663 692 1698 est
711 1663 836 1710 aperiri.

420 1781 472 1815 Vl.
493 1784 543 1815 'De
561 1785 784 1828 expugnacr'one
801 1787 892 1817 turris
913 1786 1067 1817 Damiate.

285 1872 542 1908 Advenientibus
554 1885 665 1908 autern
682 1875 874 1921 patriarcha,
892 1889 968 1924 rege
981 1877 1015 1910 &
1026 1875 1110 1910 duce
1127 1875 1262 1920 Austrie,

235 1927 268 1961 in
286 1925 400 1962 divino
426 1925 536 1962 labore
553 1926 699 1974 glorioso
717 1940 832 1963 contra
850 1929 962 1963 turrim
979 1931 1084 1964 ere6'te
1102 1929 1174 1964 sunt
1190 1941 1260 1963 ma-

233 1979 338 2024 chine,
364 1980 502 2028 petraria
516 1981 550 2014 &
566 1979 735 2026 trabucoli,
754 1981 809 2017 sed
825 1981 887 2017 hec
902 1983 1016 2018 omnia
1027 1983 1080 2019 vix
1093 1981 1262 2030 pulverem

273 2077 280 2092 ι
298 2068 328 2093 V.
342 2068 514 2101 procedentes.
526 2079 582 2094 —2
596 2069 623 2093 V.
635 2069 717 2094 Chris·
819 2079 829 2101 ς
852 2071 879 2095 V.
899 2071 927 2096 ὅ
944 2071 970 2096 Β.
994 2070 1075 2104 legunt
1095 2076 1209 2105 tempore
1221 2070 1259 2096 vel

231 2106 308 2132 tiano.
773 2109 860 2142 simile,
872 2111 935 2144 quod
946 2110 1011 2136 nihil
1021 2110 1102 2136 valn-

1310 328 1367 351 1218

1289 358 1328 381 Ma
1329 358 1343 381 ῑ.
1353 366 1390 388 24·
