1624 2788
380 276 429 311 70
664 274 714 300 DE
741 274 899 300 ITINERE
923 274 1125 301 FRISONUM.

262 385 351 446 Agr²¹⁶⁸
381 401 400 422 a
417 386 533 422 dextris
550 387 669 431 relicia,
688 387 766 422 feria
783 387 869 422 sexta
883 393 892 409 ¹
905 387 1123 435 Samagosam,
1141 399 1206 434 que
1221 387 1407 423 Siracusana

379 438 506 485 dicitur,
525 440 658 476 feliciter
675 441 884 489 contigimus,
907 439 973 476 160
988 439 1162 475 miliaribus
1175 453 1195 475 a
1208 440 1330 475 Maltha
1347 440 1407 476 dis-

379 504 511 529 tantem.
530 494 576 528 Est
593 506 702 529 autem
719 494 905 530 Siracusana
922 493 1011 529 sedes
1028 493 1221 542 episcopalis
1240 492 1282 528 ad
1299 495 1406 529 orien-

379 558 446 580 tem
471 547 575 582 Sicilie
599 548 682 583 inter
702 548 866 582 Mazaram
886 548 920 581 &
938 546 1131 590 Cataneam,
1161 544 1216 581 ubi
1235 544 1322 581 diem
1342 547 1406 583 Pal-

260 615 315 645 Apr.
329 615 350 637 ε.
379 612 507 635 marum
525 601 721 636 sollemniter
737 600 980 644 celebravimus,
1010 600 1176 634 canonicis
1194 599 1338 635 eiusdem
1356 613 1407 636 ec-

378 652 469 688 clefie
487 666 615 689 morem
631 655 819 689 Latinorum
835 667 894 702 pet
913 654 1026 687 omnia
1043 651 1259 700 sequentibus.
1280 654 1408 701 Qarta

260 718 315 747 Apr.
329 723 364 741 ιι,
378 706 457 741 feria
473 708 623 754 proxima
641 707 718 742 inde
743 706 940 750 recedentes,
958 719 1015 753 per
1032 709 1144 741 noc‘les
1161 708 1195 741 &
1214 706 1282 741 dies
1304 709 1406 743 ventis

270 773 313 803 Ap.
328 779 364 803 ¹5·
377 758 420 793 usi
434 760 603 807 prosperis,
617 760 672 795 sed
686 761 825 795 nimium
838 759 961 804 validis,
976 760 1009 794 in
1021 758 1073 794 die
1087 760 1199 794 Γειηᾶὶο
1214 760 1333 807 pasche
1349 760 1405 796 sub

376 812 475 848 Creta
492 814 594 849 insula
611 813 653 849 ad
667 813 875 849 occidentem
893 813 1051 847 anchoras
1069 813 1277 860 proiecimus,
1295 816 1330 849 &
1346 814 1403 849 ibi-

376 865 452 901 dem
474 878 543 902 tota
561 870 658 902 noae
673 868 782 902 iac‘lati
799 865 948 901 fluc‘libus
963 867 996 900 δε
1010 866 1171 913 procelliS,
1191 879 1296 914 preter
1314 868 1406 916 spem

375 920 438 955 Dei
457 920 677 956 misericordia
694 921 817 965 servati,
834 933 930 955 mane
943 919 1091 964 insulam,
1108 932 1172 967 que
1186 920 1309 955 Sikilon
1327 920 1405 956 dici-

375 985 435 1017 tur,
454 975 638 1009 acceffimus
655 987 732 1009 cum
750 972 849 1008 tribus
867 985 994 1008 tantum
1014 972 1162 1017 navibus,
1179 986 1321 1020 quorum
1341 974 1405 1010 due

374 1028 408 1061 in
428 1039 525 1075 portu
548 1026 715 1062 tenacibus
733 1027 883 1062 anchoris
900 1027 1128 1061 remanserunt.
1147 1027 1217 1062 Nos
1234 1040 1324 1072 vero,
1343 1028 1403 1063 fal-

373 1081 459 1116 lente
478 1081 633 1125 anchora,
652 1083 756 1117 ventis
770 1079 927 1128 oppositis
947 1094 965 1115 a
980 1092 1076 1128 portu
1091 1080 1216 1128 repulsi,
1235 1081 1321 1115 circa
1337 1081 1404 1116 ves—

373 1147 466 1182 peras
484 1134 541 1170 sub
559 1135 659 1170 Creta
673 1135 793 1182 recepti
811 1134 852 1169 ad
870 1134 1072 1181 aquilonem,
1096 1146 1166 1168 tota
1184 1136 1282 1169 noste
1299 1134 1403 1170 ventis

374 1187 418 1222 usi
435 1188 593 1234 secundis,
618 1188 672 1223 die
692 1187 837 1223 secundo
861 1187 903 1222 ad
921 1188 1088 1235 vesperam
1106 1186 1273 1222 Candiam
1291 1188 1402 1223 civita-

374 1254 440 1276 tem
453 1243 670 1289 pervenimus,
689 1241 744 1277 ubi
758 1255 777 1276 a
788 1240 972 1276 custodibu's
982 1241 1084 1276 insule
1098 1240 1268 1289 diligenter
1281 1240 1402 1286 edmffi,

374 1308 438 1343 que
452 1294 562 1340 sidera,
581 1308 680 1342 quam
691 1295 750 1330 celi
766 1294 901 1343 plagam
918 1294 1008 1341 sequi
1021 1293 1212 1329 deberemus
1233 1293 1401 1329 tendentes

374 1350 480 1384 versus
509 1350 617 1394 Acon,
658 1349 730 1396 post
759 1348 832 1383 solis
862 1348 1015 1382 occasum
1044 1360 1178 1396 portum
1207 1347 1401 1395 linquentes,

374 1403 478 1438 ventis
495 1404 529 1437 &
551 1403 632 1437 mari
653 1403 724 1450 plus
751 1415 850 1449 quam
878 1414 938 1449 pro
962 1413 1042 1437 voto
1068 1400 1318 1445 blandientibus,
1349 1401 1401 1437 die

268 1471 312 1501 Ap.
325 1471 362 1493 2⁶.
375 1456 521 1504 septima,
536 1457 679 1504 sequenti
693 1455 744 1491 die
757 1456 830 1504 post
840 1455 941 1490 Marci
953 1454 1156 1503 evangeliste,
1170 1467 1303 1503 portum
1313 1456 1401 1490 Aco—

374 1511 508 1544 nensem
530 1509 709 1558 gaudentes
729 1509 929 1553 intravimus,
955 1509 1132 1556 gratiarum
1150 1509 1305 1553 astiones,
1331 1522 1401 1544 non

374 1576 453 1610 quas
472 1562 642 1598 debuimus
669 1562 723 1597 sed
742 1575 822 1609 quas
839 1562 1017 1609 potuimuS‚
1041 1561 1216 1597 referentes
1234 1563 1319 1608 Deo,
1346 1564 1401 1611 qui

372 1616 466 1652 nobis
480 1618 572 1652 omni
585 1618 726 1652 humane
741 1616 898 1651 societatis
912 1615 1027 1650 solatio
1041 1616 1196 1651 destitutis
1204 1629 1296 1652 tanto
1310 1616 1402 1652 affuit
1414 1635 1434 1657 p.
1445 1628 1498 1656 483-

372 1671 423 1705 sue
442 1671 567 1718 pietatis
586 1669 736 1718 presidio,
763 1681 798 1704 ut
815 1670 889 1717 post
913 1669 1033 1704 multos
1050 1669 1177 1705 labores
1197 1672 1306 1718 requie
1325 1683 1398 1706 cor-

369 1725 458 1772 poris
472 1724 607 1768 indulta,
627 1724 746 1759 docere
759 1723 920 1758 videretur
929 1722 1083 1770 expreffe,
1101 1737 1165 1771 que
1181 1723 1216 1758 sit
1228 1723 1400 1760 beatorum

370 1778 443 1825 post
466 1777 580 1812 mundi
598 1778 740 1825 pericula
767 1777 872 1811 futura
899 1777 1024 1823 requies
1043 1778 1245 1823 animarum,
1271 1780 1305 1812 &
1323 1791 1400 1813 tunc

369 1831 505 1866 demum
525 1845 587 1879 que
605 1830 681 1879 paffi
696 1831 812 1865 fuimus
826 1829 1044 1878 periculorum
1059 1831 1240 1867 meminisse
1258 1832 1396 1875 juvabat.

371 1886 490 1920 Amen.

408 1975 416 1990 ι
432 1965 464 1998 iiij
475 1965 556 1999 prius,
568 1965 623 1990 eud.
637 1974 711 1990 manu
719 1974 782 1991 corr.
796 1965 820 1990 in
835 1966 857 1998 vj
869 1965 894 1991 in
910 1968 936 1991 A.
