1624 2788
92 1689 279 1720 Afi63b,c.1.

518 239 568 265 DE
594 239 878 265 PREDICACIONE
904 239 929 265 S.
955 239 1096 265 CRUCIS.
1271 241 1310 265 21

293 347 408 382 Homo
423 347 525 382 factus
542 346 596 392 est,
613 358 648 382 ut
664 347 825 394 particeps
842 358 951 382 eterne
969 346 1075 395 glorie
1089 345 1132 382 sit.
1151 347 1315 382 Dominus

291 413 390 436 vocat
408 413 440 436 te
458 414 515 448 per
527 401 692 449 apostolos
708 402 743 435 &
759 400 936 448 prophetas
953 402 988 435 ὅ(
1006 413 1067 435 nos
1084 400 1316 448 predicatores,

293 466 328 488 ut
347 467 406 502 per
423 455 524 489 crucis
543 455 769 502 sumpcionem
786 453 904 489 habeas
921 453 966 499 id,
984 466 1119 501 propter
1140 454 1232 501 quod
1250 454 1316 490 fac-

293 519 342 542 tus
357 520 400 542 es.
419 508 520 556 Surge
535 521 627 556 ergo,
642 509 706 543 δίε.

341 563 432 596 Item:
448 560 596 609 Qilibet
609 560 712 596 fidelis
724 562 805 608 petit
817 575 836 596 a
850 561 999 596 Domino
1012 561 1228 596 remiffionem
1240 574 1316 609 pec-

293 626 442 649 catorum
463 617 497 650 &
514 627 633 662 pacem
651 626 804 649 eternam.
838 615 1001 649 Dominus
1023 614 1128 648 noster
1145 614 1240 649 offert
1258 614 1316 650 tibi

291 666 390 710 fideli,
408 667 500 714 quod
516 666 556 702 ab
572 681 612 702 eo
627 669 720 715 petiS,
734 667 919 702 dummodo
935 667 1093 702 contricio
1107 668 1142 702 &
1160 667 1315 703 confeffio

292 720 492 767 perveniant.
510 721 610 768 Surge
628 734 720 769 ergo,
734 722 796 756 &c.

342 775 437 808 Item:
451 773 543 821 Qid
557 773 643 809 dices
655 775 687 808 in
701 773 871 808 tremendo
886 772 938 808 die
951 772 1059 816 iudicii
1074 773 1223 808 Domino
1238 787 1316 821 que-

290 826 386 861 renti:
405 827 516 875 Qare
536 827 661 862 noluisti
677 826 718 862 ad
732 828 785 862 Me
803 827 922 870 venire,
942 825 1076 873 quando
1091 839 1122 862 te
1142 826 1314 863 mandavi?

291 879 393 924 Cave,
412 892 453 914 ne
478 879 565 915 dicat
591 879 658 924 tibi,
678 896 696 911 <c
713 884 825 924 odmen,
844 894 939 922 amen,
958 882 1026 914 dico
1043 882 1111 924 tibi,
1129 883 1227 927 nescio
1248 893 1277 915 te
1295 896 1314 913 υ

290 933 435 977 (Matth.,
447 944 536 976 XXV,
555 933 624 982 12),
643 935 676 968 δ(
694 947 735 968 ne
753 933 840 968 dicat
853 932 932 968 illud
945 932 1097 968 horribile
1108 932 1177 976 tibi,
1195 949 1213 965 ε·
1224 937 1316 979 Vade,

291 987 459 1029 malediele,
487 991 517 1021 in
537 991 635 1033 ignem
654 1000 781 1022 eternum
799 1004 814 1018 υ
837 987 937 1033 (Luc,
956 996 1037 1030 XIII,
1056 989 1189 1034 25-27).
1217 987 1262 1023 Ut
1279 986 1316 1022 sis

291 1052 370 1086 ergo
396 1039 503 1074 servus
538 1039 694 1074 obediens
724 1040 873 1074 Domino
902 1052 960 1074 tuo
990 1041 1024 1073 δε
1050 1039 1175 1074 securus
1204 1041 1236 1075 in
1263 1040 1316 1075 die

291 1091 474 1137 tremendo,
492 1094 601 1128 venias
618 1092 660 1127 ad
678 1092 881 1135 mandatum,
897 1093 952 1140 qui
970 1091 1058 1136 dicit,
1070 1108 1087 1124 α
1099 1095 1227 1138 Sequere
1239 1107 1285 1128 me
1295 1110 1312 1125 u

290 1145 418 1190 (Mare,
438 1155 475 1189 11,
503 1147 568 1193 14),
585 1147 619 1180 &
638 1146 726 1180 cuius
745 1147 880 1180 nuncius
898 1158 962 1193 ego
982 1145 1061 1188 sum,
1075 1146 1109 1179 ὅ(
1126 1146 1316 1181 ειυέὶοτίῑειῑε

290 1199 356 1233 eius
381 1212 412 1234 te
439 1212 574 1243 mone0‚
601 1211 635 1233 ut
660 1212 734 1233 eum
754 1199 902 1245 sequaris.
936 1199 1063 1246 Rumpe
1082 1211 1161 1247 ergo
1181 1199 1315 1246 laqueos

291 1251 430 1287 falfitatis
452 1254 486 1286 &
509 1253 601 1300 surge
619 1252 651 1287 in
669 1265 743 1287 vera
761 1251 826 1287 fide
845 1254 879 1287 &
898 1252 985 1287 sume
1005 1265 1148 1297 crucem,
1168 1265 1202 1287 ut
1220 1252 1315 1299 possis

291 1304 397 1340 dicere
414 1306 445 1339 in
465 1305 518 1340 die
535 1305 643 1348 iudicij
662 1322 669 1340 :
688 1306 843 1349 Domine,
862 1318 922 1352 pro
942 1319 995 1340 me
1013 1305 1094 1340 fuisti
1111 1307 1144 1340 in
1162 1318 1268 1350 cruce,
1281 1307 1316 1340 &

290 1371 355 1407 ego
375 1360 407 1393 in
426 1371 521 1393 cruce
536 1371 597 1406 pro
615 1359 673 1402 Te,
702 1359 751 1392 Tu
772 1358 853 1393 fuisti
871 1371 1017 1393 mortuus
1034 1372 1096 1407 pro
1115 1372 1179 1402 me,
1198 1360 1232 1393 &
1249 1371 1314 1406 ego

291 1424 352 1459 pro
369 1412 434 1447 Te!
465 1413 565 1459 Surge
582 1424 673 1460 erg0‚
692 1412 778 1447 serve
796 1413 905 1447 Dei&
922 1413 999 1459 quia
1016 1412 1122 1448 servus
1140 1413 1218 1457 eius,
1236 1411 1314 1447 ideo
1352 1421 1354 1424 ’

291 1462 423 1500 obedire
442 1466 558 1500 teneris
576 1466 618 1500 ei!

341 1520 436 1553 Item:
456 1519 620 1553 Dominus
634 1519 794 1566 cognovit
810 1519 929 1553 secreta
947 1518 1106 1554 cordium.
1120 1519 1151 1554 Si
1165 1532 1245 1567 ergo
1259 1519 1315 1554 ali-

292 1571 362 1618 quis
387 1571 530 1606 nostrum
552 1570 587 1606 sit
612 1571 693 1615 talis,
720 1572 775 1618 qui
801 1583 934 1619 propter
951 1584 1089 1620 regnum
1114 1572 1233 1620 Anglie
1263 1572 1315 1607 vel

292 1624 399 1659 Gallie
413 1624 593 1672 temporale
610 1624 704 1659 vellet
717 1626 839 1659 sumere
858 1637 999 1667 crucem,
1015 1625 1151 1659 coniuro
1165 1639 1240 1660 eum
1257 1639 1314 1674 per

291 1676 504 1725 aspersionem
534 1678 696 1725 sanguinis
726 1678 811 1712 lhesu
838 1677 964 1722 Christi,
991 1677 1082 1724 quod
1113 1678 1179 1725 ipse
1210 1679 1315 1714 sumat

290 1743 420 1766 crucem
429 1743 490 1778 pro
504 1744 607 1779 regno
619 1731 775 1775 celorum,
790 1730 882 1778 quod
892 1732 935 1766 est
945 1743 1092 1766 eternum
1101 1733 1135 1766 &
1151 1731 1314 1767 infinitum

290 1783 411 1818 melius
432 1784 612 1832 Intelligite,
632 1786 722 1831 quod
742 1801 759 1815 ιι
771 1787 922 1819 Dominus
935 1788 973 1830 es?
977 1786 1134 1830 scrutator
1150 1787 1311 1820 cordium»

288 1838 323 1872 &
339 1838 398 1872 erit
420 1836 515 1872 iudex
537 1837 642 1872 noster
666 1836 768 1885 (Sap,
787 1847 811 1882 1,
830 1837 878 1883 ὁ),
901 1837 1030 1882 Videte,
1049 1851 1091 1873 ne
1113 1837 1206 1874 vobis
1228 1837 1315 1873 dicat

288 1891 321 1924 in
343 1889 483 1925 iudicio:
506 1891 575 1925 Vos
602 1891 794 1938 preelegistis
818 1903 958 1935 terrena,
983 1892 1018 1925 &
1039 1904 1101 1939 pro
1125 1892 1170 1926 eis
1192 1904 1313 1939 propo-

290 1943 386 1977 suistis
399 1943 539 1988 celestia3
553 1943 642 1990 quod
656 1942 745 1987 abiit,
755 1945 790 1978 ὅ(
800 1957 839 1979 ne
849 1943 936 1979 dicat
949 1942 1042 1978 nobis
1055 1945 1087 1979 in
1098 1944 1314 1992 opprobrium

288 1995 378 2040 illud,
396 1996 487 2043 quod
509 1997 552 2031 est
578 1997 611 2031 in
629 1997 757 2031 cantico
778 2013 785 2031 :
806 2013 824 2028 «
843 1999 977 2043 Surgam
994 2010 1065 2045 opes
1090 2001 1185 2043 nqstre
1200 1998 1231 2032 δ’
1248 2002 1314 2045 opi-

289 2051 417 2084 tutentur
437 2051 522 2085 vobis
547 2065 564 2081 υ
590 2050 646 2096 (cf.
670 2050 861 2095 Deuteron„
888 2060 1009 2095 XXXII,
1031 2051 1104 2099 38),
1128 2052 1191 2086 &c.
1214 2051 1314 2101 Surge

291 2115 382 2153 erg0‚
398 2104 461 2139 &c.
