1624 2788
454 217 761 265 cRUCIGEjzoRUM
786 216 1070 243 RHENANORUM.
1237 216 1253 256 ς
1258 216 1277 257 3

250 327 476 378 manganellis,
504 327 718 375 tharchiisque
743 326 927 363 ferientibus
944 340 1006 376 pro
1022 325 1194 375 implendo
1215 326 1279 362 fos-

250 386 319 421 sato
338 386 463 421 feritate
483 384 651 421 barbarica
670 398 732 420 nos
753 386 971 434 impetierunt.
1000 385 1064 421 Sed
1089 383 1186 420 durus
1211 383 1279 420 bel-

249 439 346 485 lator,
374 439 592 487 triumphator
617 439 651 473 in
682 439 783 484 Israel,
814 438 905 474 solita
930 439 1003 473 usus
1028 439 1148 487 gracia,
1180 438 1280 473 castra

250 493 359 527 nostra
371 491 527 537 defendit,
544 491 641 527 misso
656 491 753 527 nobis
770 505 828 540 per
845 505 934 528 mare
943 492 1106 528 Salvarico
1121 491 1162 526 de
1175 491 1279 526 Malo-

250 545 348 581 leone
369 558 445 580 cum
461 545 561 594 galeis
579 546 709 580 armatis
722 547 756 580 &
769 544 979 581 bellatoribus
998 545 1144 593 plurimis
1155 545 1189 579 in
1207 545 1278 593 ipso

251 599 357 634 nostre
374 599 562 634 neceffitatis
587 599 733 634 articulo
761 598 796 633 Et
821 611 882 633 nos
899 598 942 634 ad
968 599 1028 634 hec
1051 598 1252 633 clamantes
1244 611 1278 633 in

44 661 84 691 v
90 660 238 690 turam.
251 652 358 688 celum
383 665 445 688 nec
472 652 667 700 trepidantes
692 651 734 687 ad
761 652 933 700 impetum,
963 651 1017 687 sed
1040 651 1171 687 viriliter
1195 650 1279 687 resis-

41 1627 77 1657 B.‚
90 1635 110 1658 p.
119 1627 173 1658 238,
185 1635 204 1650 c.
216 1633 235 1650 ι.

41 1733 176 1764 ussuto,
186 1743 206 1758 c.
216 1740 236 1758 ι.

251 717 354 741 tentes
367 706 538 751 inrerfffli,
556 706 688 741 sauciati
705 707 739 741 &
752 704 912 741 combusti
925 705 966 741 ab
981 705 1096 740 insultu
1114 704 1277 748 triduano,

250 759 355 794 hostes
368 771 478 795 tamen
497 759 647 795 recedere
664 760 835 808 coegimus
851 758 946 807 ipsius
963 760 1091 802 virtute,
1109 759 1166 806 qui
1179 759 1280 795 salvat

249 813 413 861 sperantes
425 814 460 848 in
476 813 517 849 se.

479 928 546 964 Vll.
574 930 624 963 De
640 931 780 975 capcione
796 929 880 963 urhis
892 929 1048 962 Damiate.

298 1028 419 1061 Interea
428 1026 549 1070 civitas,
562 1024 732 1060 obsidione
744 1025 857 1073 longa,
873 1024 970 1068 ferro,
987 1024 1076 1060 fame
1087 1026 1122 1060 &
1131 1024 1278 1073 pestilen-

249 1080 299 1114 cia
314 1080 455 1127 graviter
471 1077 600 1123 afflksta,
622 1079 655 1113 in
674 1078 740 1113 sola
757 1091 850 1126 pace,
873 1091 973 1126 quarn
988 1078 1138 1113 soldanus
1156 1077 1279 1114 civibus

249 1132 406 1181 promisit,
434 1132 525 1180 spem
550 1132 667 1180 posuit.
699 1130 796 1166 Adeo
824 1133 912 1167 enim
937 1132 971 1166 in
998 1144 1039 1166 eo
1066 1132 1168 1167 fames
1190 1132 1279 1167 inva-

247 1187 317 1231 luit,
331 1198 368 1221 ut
382 1185 446 1221 cibi
455 1185 678 1221 desiderabiles
692 1184 847 1230 deessent,
860 1186 954 1233 panis
971 1197 1141 1233 corruptus
1155 1192 1163 1207 ¹
1177 1183 1279 1220 abun-

249 1239 340 1275 daret
359 1240 394 1275 in
417 1253 465 1275 ea.
491 1239 607 1287 Neque
632 1240 721 1274 enim
739 1238 893 1274 durabilis
914 1238 979 1274 esse
995 1237 1129 1286 possunt
1145 1238 1279 1287 Egyptie

249 1305 330 1328 terre
346 1293 453 1341 fruges
465 1305 602 1341 propter
615 1292 729 1327 molles
742 1291 866 1340 glebaS‚
883 1293 916 1327 in
930 1291 1046 1339 quibus
1059 1292 1215 1337 crescunt,
1234 1293 1278 1335 &,

249 1358 284 1382 ut
300 1346 493 1390 audivimus,
513 1348 689 1381 cotstanum
706 1358 808 1380 unum
825 1346 858 1380 in
878 1359 916 1380 ea
933 1344 1112 1380 duodecim
1130 1346 1279 1380 Bisanciis

248 1399 458 1436 vendebatur.
480 1399 522 1434 Ex
541 1400 688 1449 angustia
705 1400 809 1435 eciam
828 1400 922 1434 famis
940 1398 1068 1435 diversis
1086 1398 1280 1434 morborum

248 1452 420 1503 generibus
441 1452 648 1498 vexabantur,
665 1454 710 1488 ita
722 1465 757 1488 ut
774 1466 813 1488 ex
829 1454 943 1501 capitis
959 1454 1184 1488 exinanicione
1196 1452 1279 1488 visus

249 1506 481 1552 obscuraretur,
505 1508 540 1542 &
558 1507 689 1555 plurimi
711 1519 834 1550 eorum,
865 1508 983 1555 apertis
1000 1508 1143 1542 iacentes
1167 1505 1279 1551 oculis,

249 1560 329 1602 nihil
349 1560 506 1596 viderent.
533 1560 694 1596 Soldanus
717 1573 826 1596 autem
839 1561 929 1597 vanis
943 1574 1000 1596 eos
1016 1558 1279 1609 promissionibus

248 1614 451 1663 protrahens,
467 1613 596 1662 decepit
610 1614 742 1649 miseros
758 1627 777 1649 a
790 1613 963 1650 dedicione
976 1613 1160 1649 dehortans.
1178 1612 1280 1648 Deni-

250 1681 314 1716 que
330 1680 440 1716 portas
453 1668 588 1703 civitatis
601 1667 836 1712 obstruxerunt,
850 1681 891 1703 ne
905 1667 1000 1703 nobis
1013 1666 1053 1703 ab
1068 1667 1178 1715 aliquo
1188 1679 1278 1715 egre-

250 1722 359 1758 diente
377 1733 491 1756 eorum
509 1722 737 1756 nunciarentur
750 1721 976 1757 incommoda.
994 1721 1026 1757 Si
1041 1722 1097 1768 qui
1113 1734 1203 1763 vero,
1222 1733 1280 1768 per

249 1787 359 1810 muros
372 1774 507 1809 latenter
520 1773 629 1819 emiffi,
639 1773 776 1810 evadere
790 1786 977 1822 potuerunt,
989 1781 1003 1796 2
1013 1773 1116 1808 inflati
1130 1775 1164 1809 &
1177 1773 1278 1808 fame-

246 1828 300 1863 lici
321 1828 441 1863 civium
459 1828 590 1863 suorum
607 1829 766 1876 angustias
789 1827 955 1863 evidenter
971 1826 1174 1873 indicabant3
1193 1840 1279 1862 exer-

248 1882 312 1917 citu
330 1894 475 1929 quoque,
504 1882 559 1929 qui
585 1882 662 1916 foris
688 1894 749 1916 nos
775 1881 953 1925 obsidebat,
986 1881 1078 1929 panis
1103 1893 1142 1915 ac
1168 1879 1279 1928 pabuli

247 1935 346 1983 copia
366 1936 452 1984 cepit
469 1934 662 1970 decrescere.
691 1934 784 1970 Nilus
807 1933 976 1982 siquidem,
1006 1934 1061 1981 qui
1078 1934 1177 1970 estivo
1195 1946 1277 1969 tem-

246 2001 329 2038 pore
349 1988 474 2025 solebat
490 1989 673 2024 excrescens
690 1988 805 2037 Egypti
822 2000 920 2024 terras
936 1989 1079 2038 irrigare,
1103 1987 1169 2023 hoc
1187 2000 1277 2024 anno

286 2111 295 2128 ι
315 2103 343 2131 V.
357 2102 488 2139 corruptis,
503 2117 535 2122 —-
551 2113 565 2130 2
579 2103 607 2129 V.
618 2108 759 2139 potuerant.

1310 342 1368 366 ¹²¹9
