<?xml version="1.0" encoding="UTF-8"?>
<!DOCTYPE html PUBLIC "-//W3C//DTD XHTML 1.0 Transitional//EN"
    "http://www.w3.org/TR/xhtml1/DTD/xhtml1-transitional.dtd">
<html xmlns="http://www.w3.org/1999/xhtml" xml:lang="en" lang="en">
 <head>
  <title>
</title>
<meta http-equiv="Content-Type" content="text/html;charset=utf-8" />
  <meta name='ocr-system' content='tesseract 3.04.00' />
  <meta name='ocr-capabilities' content='ocr_page ocr_carea ocr_par ocr_line ocrx_word'/>
</head>
<body>
  <div class='ocr_page' id='page_1' title='image "./quintibellisacri00rhuoft_0213.png"; bbox 0 0 1624 2788; ppageno 0'>
   <div class='ocr_carea' id='block_1_1' title="bbox 514 217 1264 256">
    <p class='ocr_par' dir='ltr' id='par_1_1' title="bbox 514 217 1264 256">
     <span class='ocr_line' id='line_1_1' title="bbox 514 217 1264 256; baseline 0.001 -13"><span class='ocrx_word' id='word_1_1' title='bbox 514 218 553 244; x_wconf 84' lang='lat' dir='ltr'>IN</span> <span class='ocrx_word' id='word_1_2' title='bbox 570 217 768 243; x_wconf 85' lang='lat' dir='ltr'>OBSIDIONE</span> <span class='ocrx_word' id='word_1_3' title='bbox 788 217 988 244; x_wconf 73' lang='lat' dir='ltr'><strong>DAMIATE.</strong></span> <span class='ocrx_word' id='word_1_4' title='bbox 1199 221 1211 244; x_wconf 93' lang='lat'>1</span> <span class='ocrx_word' id='word_1_5' title='bbox 1223 218 1239 256; x_wconf 70' lang='grc' dir='ltr'><strong><em>ς</em></strong></span> <span class='ocrx_word' id='word_1_6' title='bbox 1241 220 1264 254; x_wconf 90' lang='grc'><strong>7</strong></span> 
     </span>
    </p>
   </div>
   <div class='ocr_carea' id='block_1_2' title="bbox 231 329 1339 1710">
    <p class='ocr_par' dir='ltr' id='par_1_2' title="bbox 231 329 1339 535">
     <span class='ocr_line' id='line_1_2' title="bbox 240 329 1339 374; baseline 0 -12"><span class='ocrx_word' id='word_1_7' title='bbox 240 342 352 363; x_wconf 87' lang='lat' dir='ltr'>crucem</span> <span class='ocrx_word' id='word_1_8' title='bbox 379 341 488 371; x_wconf 85' lang='lat' dir='ltr'>veram,</span> <span class='ocrx_word' id='word_1_9' title='bbox 503 341 539 362; x_wconf 87' lang='lat' dir='ltr'>ne</span> <span class='ocrx_word' id='word_1_10' title='bbox 562 329 708 374; x_wconf 83' lang='lat' dir='ltr'><em>respicias</em></span> <span class='ocrx_word' id='word_1_11' title='bbox 732 329 773 362; x_wconf 84' lang='lat' dir='ltr'>ad</span> <span class='ocrx_word' id='word_1_12' title='bbox 798 331 974 373; x_wconf 81' lang='lat' dir='ltr'><em>iniquitates</em></span> <span class='ocrx_word' id='word_1_13' title='bbox 999 331 1123 374; x_wconf 67' lang='lat' dir='ltr'>nostras,</span> <span class='ocrx_word' id='word_1_14' title='bbox 1141 329 1201 374; x_wconf 88' lang='lat' dir='ltr'>sed</span> <span class='ocrx_word' id='word_1_15' title='bbox 1226 329 1339 368; x_wconf 73' lang='lat' dir='ltr'>ad1219</span> 
     </span>
     <span class='ocr_line' id='line_1_3' title="bbox 231 383 1267 428; baseline 0 -13"><span class='ocrx_word' id='word_1_16' title='bbox 231 383 340 427; x_wconf 81' lang='lat' dir='ltr'>fidem,</span> <span class='ocrx_word' id='word_1_17' title='bbox 365 394 491 428; x_wconf 87' lang='lat' dir='ltr'><em>propter</em></span> <span class='ocrx_word' id='word_1_18' title='bbox 518 394 605 426; x_wconf 84' lang='lat' dir='ltr'>quam</span> <span class='ocrx_word' id='word_1_19' title='bbox 621 384 861 428; x_wconf 83' lang='lat' dir='ltr'><em>peregrinamur,</em></span> <span class='ocrx_word' id='word_1_20' title='bbox 888 383 1013 416; x_wconf 83' lang='lat' dir='ltr'><strong><em>concede</em></strong></span> <span class='ocrx_word' id='word_1_21' title='bbox 1031 384 1201 428; x_wconf 79' lang='lat' dir='ltr'><em>propicius,</em></span> <span class='ocrx_word' id='word_1_22' title='bbox 1231 395 1267 415; x_wconf 90' lang='lat' dir='ltr'>ne</span> 
     </span>
     <span class='ocr_line' id='line_1_4' title="bbox 240 435 1267 482; baseline -0.001 -12"><span class='ocrx_word' id='word_1_23' title='bbox 240 438 337 480; x_wconf 84' lang='lat' dir='ltr'>nostro</span> <span class='ocrx_word' id='word_1_24' title='bbox 353 436 506 482; x_wconf 84' lang='lat' dir='ltr'>sanguine</span> <span class='ocrx_word' id='word_1_25' title='bbox 530 448 633 468; x_wconf 83' lang='lat' dir='ltr'>manus</span> <span class='ocrx_word' id='word_1_26' title='bbox 660 437 852 480; x_wconf 81' lang='lat' dir='ltr'>Paganorum</span> <span class='ocrx_word' id='word_1_27' title='bbox 875 435 1044 477; x_wconf 82' lang='lat' dir='ltr'><em>abluantur,</em></span> <span class='ocrx_word' id='word_1_28' title='bbox 1071 438 1123 480; x_wconf 88' lang='lat' dir='ltr'>qui</span> <span class='ocrx_word' id='word_1_29' title='bbox 1140 438 1219 470; x_wconf 85' lang='lat' dir='ltr'>vivis</span> <span class='ocrx_word' id='word_1_30' title='bbox 1236 435 1267 469; x_wconf 59' lang='grc' dir='ltr'>δ’</span> 
     </span>
     <span class='ocr_line' id='line_1_5' title="bbox 241 488 1072 535; baseline 0 -12"><span class='ocrx_word' id='word_1_31' title='bbox 241 497 350 535; x_wconf 65' lang='lat' dir='ltr'>regnas</span> <span class='ocrx_word' id='word_1_32' title='bbox 366 490 452 522; x_wconf 76' lang='lat' dir='ltr'>‘Deus</span> <span class='ocrx_word' id='word_1_33' title='bbox 458 501 516 534; x_wconf 85' lang='lat' dir='ltr'>per</span> <span class='ocrx_word' id='word_1_34' title='bbox 531 490 631 522; x_wconf 87' lang='lat' dir='ltr'>omnia</span> <span class='ocrx_word' id='word_1_35' title='bbox 639 489 747 534; x_wconf 85' lang='lat' dir='ltr'><em>secula</em></span> <span class='ocrx_word' id='word_1_36' title='bbox 755 488 946 533; x_wconf 88' lang='lat' dir='ltr'>seculorum!</span> <span class='ocrx_word' id='word_1_37' title='bbox 961 490 1072 523; x_wconf 59' lang='lat' dir='ltr'>odmen.</span> 
     </span>
    </p>

    <p class='ocr_par' dir='ltr' id='par_1_3' title="bbox 241 539 1277 1710">
     <span class='ocr_line' id='line_1_6' title="bbox 290 539 1270 588; baseline -0.001 -12"><span class='ocrx_word' id='word_1_38' title='bbox 290 541 416 576; x_wconf 88' lang='lat' dir='ltr'><strong>XXXV</strong></span> <span class='ocrx_word' id='word_1_39' title='bbox 418 543 437 576; x_wconf 84' lang='lat'>1.</span> <span class='ocrx_word' id='word_1_40' title='bbox 462 541 682 575; x_wconf 83' lang='lat' dir='ltr'>Veruntamen</span> <span class='ocrx_word' id='word_1_41' title='bbox 708 541 837 588; x_wconf 71' lang='lat' dir='ltr'>pagani,</span> <span class='ocrx_word' id='word_1_42' title='bbox 863 539 1009 575; x_wconf 88' lang='lat' dir='ltr'>videntes</span> <span class='ocrx_word' id='word_1_43' title='bbox 1030 540 1150 575; x_wconf 88' lang='lat' dir='ltr'>scalam</span> <span class='ocrx_word' id='word_1_44' title='bbox 1174 541 1270 588; x_wconf 91' lang='lat' dir='ltr'>supra</span> 
     </span>
     <span class='ocr_line' id='line_1_7' title="bbox 241 593 1269 641; baseline -0.002 -11"><span class='ocrx_word' id='word_1_45' title='bbox 241 608 372 630; x_wconf 88' lang='lat' dir='ltr'>murum</span> <span class='ocrx_word' id='word_1_46' title='bbox 402 593 631 640; x_wconf 87' lang='lat' dir='ltr'>audientesque</span> <span class='ocrx_word' id='word_1_47' title='bbox 662 593 786 628; x_wconf 53' lang='lat' dir='ltr'>ludium</span> <span class='ocrx_word' id='word_1_48' title='bbox 811 595 846 628; x_wconf 73' lang='grc' dir='ltr'>ὅ(</span> <span class='ocrx_word' id='word_1_49' title='bbox 870 593 1050 641; x_wconf 68' lang='grc' dir='ltr'>ΡΙειιιέὶυῐη,</span> <span class='ocrx_word' id='word_1_50' title='bbox 1075 595 1215 641; x_wconf 86' lang='lat' dir='ltr'>quierat</span> <span class='ocrx_word' id='word_1_51' title='bbox 1236 594 1269 628; x_wconf 88' lang='lat' dir='ltr'>in</span> 
     </span>
     <span class='ocr_line' id='line_1_8' title="bbox 242 646 1269 694; baseline -0.001 -11"><span class='ocrx_word' id='word_1_52' title='bbox 242 648 376 683; x_wconf 88' lang='lat' dir='ltr'>circuitu</span> <span class='ocrx_word' id='word_1_53' title='bbox 405 659 532 691; x_wconf 89' lang='lat' dir='ltr'>eorum,</span> <span class='ocrx_word' id='word_1_54' title='bbox 565 646 658 694; x_wconf 87' lang='lat' dir='ltr'>super</span> <span class='ocrx_word' id='word_1_55' title='bbox 686 646 826 680; x_wconf 87' lang='lat' dir='ltr'>infantes</span> <span class='ocrx_word' id='word_1_56' title='bbox 860 648 894 681; x_wconf 92' lang='lat'>&amp;</span> <span class='ocrx_word' id='word_1_57' title='bbox 922 647 1070 681; x_wconf 84' lang='lat' dir='ltr'>mulieres</span> <span class='ocrx_word' id='word_1_58' title='bbox 1103 646 1269 682; x_wconf 90' lang='lat' dir='ltr'>dixerunt:</span> 
     </span>
     <span class='ocr_line' id='line_1_9' title="bbox 246 701 1271 748; baseline 0 -13"><span class='ocrx_word' id='word_1_59' title='bbox 246 703 330 748; x_wconf 78' lang='lat' dir='ltr'>Qid</span> <span class='ocrx_word' id='word_1_60' title='bbox 350 703 529 746; x_wconf 83' lang='lat' dir='ltr'>faciemus?</span> <span class='ocrx_word' id='word_1_61' title='bbox 555 701 691 746; x_wconf 84' lang='lat' dir='ltr'><em>Oportet,</em></span> <span class='ocrx_word' id='word_1_62' title='bbox 721 713 776 734; x_wconf 84' lang='lat' dir='ltr'>nos</span> <span class='ocrx_word' id='word_1_63' title='bbox 789 701 881 747; x_wconf 87' lang='lat' dir='ltr'>fimul</span> <span class='ocrx_word' id='word_1_64' title='bbox 899 703 977 734; x_wconf 88' lang='lat' dir='ltr'>mori</span> <span class='ocrx_word' id='word_1_65' title='bbox 997 715 1063 734; x_wconf 90' lang='lat' dir='ltr'>cum</span> <span class='ocrx_word' id='word_1_66' title='bbox 1087 703 1160 745; x_wconf 84' lang='lat' dir='ltr'>istis,</span> <span class='ocrx_word' id='word_1_67' title='bbox 1187 714 1271 735; x_wconf 87' lang='lat' dir='ltr'>ante-</span> 
     </span>
     <span class='ocr_line' id='line_1_10' title="bbox 242 753 1270 801; baseline 0 -13"><span class='ocrx_word' id='word_1_68' title='bbox 242 768 330 800; x_wconf 82' lang='lat' dir='ltr'>quam</span> <span class='ocrx_word' id='word_1_69' title='bbox 349 755 515 788; x_wconf 83' lang='lat' dir='ltr'><em>incidamus</em></span> <span class='ocrx_word' id='word_1_70' title='bbox 533 755 563 787; x_wconf 90' lang='lat' dir='ltr'>in</span> <span class='ocrx_word' id='word_1_71' title='bbox 582 767 686 787; x_wconf 89' lang='lat' dir='ltr'>manus</span> <span class='ocrx_word' id='word_1_72' title='bbox 702 756 820 798; x_wconf 76' lang='lat' dir='ltr'>istorum</span> <span class='ocrx_word' id='word_1_73' title='bbox 828 754 1011 800; x_wconf 85' lang='lat' dir='ltr'>sclavorum.</span> <span class='ocrx_word' id='word_1_74' title='bbox 1039 753 1168 799; x_wconf 86' lang='lat' dir='ltr'>Nescio,</span> <span class='ocrx_word' id='word_1_75' title='bbox 1187 766 1270 801; x_wconf 92' lang='lat' dir='ltr'>quo-</span> 
     </span>
     <span class='ocr_line' id='line_1_11' title="bbox 243 805 1272 853; baseline 0 -11"><span class='ocrx_word' id='word_1_76' title='bbox 243 806 347 842; x_wconf 90' lang='lat' dir='ltr'>modo</span> <span class='ocrx_word' id='word_1_77' title='bbox 366 806 522 851; x_wconf 85' lang='lat' dir='ltr'>fecerunt,</span> <span class='ocrx_word' id='word_1_78' title='bbox 548 805 637 853; x_wconf 93' lang='lat' dir='ltr'>quod</span> <span class='ocrx_word' id='word_1_79' title='bbox 662 807 748 841; x_wconf 89' lang='lat' dir='ltr'>iuxta</span> <span class='ocrx_word' id='word_1_80' title='bbox 772 806 916 841; x_wconf 90' lang='lat' dir='ltr'>nostrum</span> <span class='ocrx_word' id='word_1_81' title='bbox 934 805 1089 841; x_wconf 80' lang='lat' dir='ltr'>fossatum</span> <span class='ocrx_word' id='word_1_82' title='bbox 1106 808 1272 842; x_wconf 89' lang='lat' dir='ltr'>venientes</span> 
     </span>
     <span class='ocr_line' id='line_1_12' title="bbox 243 858 1272 906; baseline -0.001 -11"><span class='ocrx_word' id='word_1_83' title='bbox 243 871 312 895; x_wconf 71' lang='lat' dir='ltr'>mm</span> <span class='ocrx_word' id='word_1_84' title='bbox 325 858 454 894; x_wconf 88' lang='lat' dir='ltr'>crudele</span> <span class='ocrx_word' id='word_1_85' title='bbox 471 858 592 894; x_wconf 90' lang='lat' dir='ltr'>bellum</span> <span class='ocrx_word' id='word_1_86' title='bbox 605 858 699 894; x_wconf 86' lang='lat' dir='ltr'>nobis</span> <span class='ocrx_word' id='word_1_87' title='bbox 716 859 904 904; x_wconf 88' lang='lat' dir='ltr'>intulerunt,</span> <span class='ocrx_word' id='word_1_88' title='bbox 922 858 1014 906; x_wconf 91' lang='lat' dir='ltr'>quod</span> <span class='ocrx_word' id='word_1_89' title='bbox 1027 860 1184 906; x_wconf 86' lang='lat' dir='ltr'>palatium</span> <span class='ocrx_word' id='word_1_90' title='bbox 1197 860 1272 894; x_wconf 90' lang='lat' dir='ltr'>nos-</span> 
     </span>
     <span class='ocr_line' id='line_1_13' title="bbox 243 911 1273 960; baseline -0.001 -12"><span class='ocrx_word' id='word_1_91' title='bbox 243 925 330 948; x_wconf 86' lang='lat' dir='ltr'>trum</span> <span class='ocrx_word' id='word_1_92' title='bbox 354 913 520 947; x_wconf 88' lang='lat' dir='ltr'>diruerunt</span> <span class='ocrx_word' id='word_1_93' title='bbox 545 914 580 947; x_wconf 87' lang='lat'>&amp;</span> <span class='ocrx_word' id='word_1_94' title='bbox 596 911 784 948; x_wconf 87' lang='lat' dir='ltr'>berenescas</span> <span class='ocrx_word' id='word_1_95' title='bbox 805 913 927 947; x_wconf 89' lang='lat' dir='ltr'>nostras</span> <span class='ocrx_word' id='word_1_96' title='bbox 945 913 1102 960; x_wconf 80' lang='lat' dir='ltr'>quinque,</span> <span class='ocrx_word' id='word_1_97' title='bbox 1130 915 1164 948; x_wconf 91' lang='lat'>&amp;</span> <span class='ocrx_word' id='word_1_98' title='bbox 1190 913 1273 960; x_wconf 90' lang='lat' dir='ltr'>plus-</span> 
     </span>
     <span class='ocr_line' id='line_1_14' title="bbox 244 964 1274 1013; baseline 0 -13"><span class='ocrx_word' id='word_1_99' title='bbox 244 978 344 1013; x_wconf 85' lang='lat' dir='ltr'>quam</span> <span class='ocrx_word' id='word_1_100' title='bbox 362 965 429 1000; x_wconf 89' lang='lat' dir='ltr'>duo</span> <span class='ocrx_word' id='word_1_101' title='bbox 447 965 535 1000; x_wconf 85' lang='lat' dir='ltr'>milia</span> <span class='ocrx_word' id='word_1_102' title='bbox 553 966 652 1012; x_wconf 90' lang='lat' dir='ltr'>usque</span> <span class='ocrx_word' id='word_1_103' title='bbox 668 964 710 1000; x_wconf 89' lang='lat' dir='ltr'>ad</span> <span class='ocrx_word' id='word_1_104' title='bbox 733 966 839 1000; x_wconf 88' lang='lat' dir='ltr'>nostra</span> <span class='ocrx_word' id='word_1_105' title='bbox 856 966 1056 1001; x_wconf 87' lang='lat' dir='ltr'>intraverunt</span> <span class='ocrx_word' id='word_1_106' title='bbox 1073 967 1222 1010; x_wconf 82' lang='lat' dir='ltr'>tentoria,</span> <span class='ocrx_word' id='word_1_107' title='bbox 1240 967 1274 1000; x_wconf 90' lang='lat'>&amp;</span> 
     </span>
     <span class='ocr_line' id='line_1_15' title="bbox 244 1017 1274 1067; baseline 0.001 -14"><span class='ocrx_word' id='word_1_108' title='bbox 244 1018 380 1067; x_wconf 87' lang='lat' dir='ltr'>quidam</span> <span class='ocrx_word' id='word_1_109' title='bbox 403 1017 577 1054; x_wconf 84' lang='lat' dir='ltr'>arniraldus</span> <span class='ocrx_word' id='word_1_110' title='bbox 595 1018 750 1053; x_wconf 89' lang='lat' dir='ltr'>incedens</span> <span class='ocrx_word' id='word_1_111' title='bbox 767 1018 930 1054; x_wconf 85' lang='lat' dir='ltr'>clamabat</span> <span class='ocrx_word' id='word_1_112' title='bbox 947 1018 1075 1054; x_wconf 86' lang='lat' dir='ltr'>dicens:</span> <span class='ocrx_word' id='word_1_113' title='bbox 1094 1022 1223 1066; x_wconf 62' lang='lat' dir='ltr'><em>Qofler</em></span> <span class='ocrx_word' id='word_1_114' title='bbox 1235 1023 1274 1065; x_wconf 68' lang='lat' dir='ltr'>est</span> 
     </span>
     <span class='ocr_line' id='line_1_16' title="bbox 244 1070 1274 1120; baseline -0.001 -13"><span class='ocrx_word' id='word_1_115' title='bbox 244 1074 395 1107; x_wconf 84' lang='lat' dir='ltr'><em>Dominus</em></span> <span class='ocrx_word' id='word_1_116' title='bbox 416 1073 601 1107; x_wconf 68' lang='lat' dir='ltr'>machomet</span> <span class='ocrx_word' id='word_1_117' title='bbox 615 1073 645 1106; x_wconf 59' lang='lat'>6⁴</span> <span class='ocrx_word' id='word_1_118' title='bbox 663 1086 719 1107; x_wconf 88' lang='lat' dir='ltr'>non</span> <span class='ocrx_word' id='word_1_119' title='bbox 741 1074 899 1120; x_wconf 79' lang='lat' dir='ltr'>Christus!</span> <span class='ocrx_word' id='word_1_120' title='bbox 924 1070 1103 1107; x_wconf 85' lang='lat' dir='ltr'>Audientes</span> <span class='ocrx_word' id='word_1_121' title='bbox 1126 1073 1191 1106; x_wconf 90' lang='lat' dir='ltr'>hoc</span> <span class='ocrx_word' id='word_1_122' title='bbox 1213 1073 1274 1107; x_wconf 89' lang='lat' dir='ltr'>mi-</span> 
     </span>
     <span class='ocr_line' id='line_1_17' title="bbox 243 1125 1275 1173; baseline 0 -13"><span class='ocrx_word' id='word_1_123' title='bbox 243 1125 314 1160; x_wconf 83' lang='lat' dir='ltr'>lites</span> <span class='ocrx_word' id='word_1_124' title='bbox 332 1127 366 1160; x_wconf 90' lang='lat'>&amp;</span> <span class='ocrx_word' id='word_1_125' title='bbox 383 1125 554 1173; x_wconf 87' lang='lat' dir='ltr'>templarij,</span> <span class='ocrx_word' id='word_1_126' title='bbox 580 1126 636 1173; x_wconf 87' lang='lat' dir='ltr'>qui</span> <span class='ocrx_word' id='word_1_127' title='bbox 662 1125 707 1160; x_wconf 90' lang='lat' dir='ltr'>ibi</span> <span class='ocrx_word' id='word_1_128' title='bbox 734 1125 880 1168; x_wconf 89' lang='lat' dir='ltr'>aderant,</span> <span class='ocrx_word' id='word_1_129' title='bbox 908 1125 1086 1161; x_wconf 82' lang='lat' dir='ltr'>contristati</span> <span class='ocrx_word' id='word_1_130' title='bbox 1110 1125 1275 1161; x_wconf 88' lang='lat' dir='ltr'>dixerunt:</span> 
     </span>
     <span class='ocr_line' id='line_1_18' title="bbox 248 1180 1275 1226; baseline 0 -13"><span class='ocrx_word' id='word_1_131' title='bbox 248 1180 333 1226; x_wconf 78' lang='lat' dir='ltr'>Qid</span> <span class='ocrx_word' id='word_1_132' title='bbox 338 1181 516 1225; x_wconf 75' lang='lat' dir='ltr'>faciemus?</span> <span class='ocrx_word' id='word_1_133' title='bbox 531 1181 643 1225; x_wconf 83' lang='lat' dir='ltr'><em>Fugere</em></span> <span class='ocrx_word' id='word_1_134' title='bbox 656 1193 713 1214; x_wconf 89' lang='lat' dir='ltr'>non</span> <span class='ocrx_word' id='word_1_135' title='bbox 724 1180 876 1214; x_wconf 81' lang='lat' dir='ltr'>valemus!</span> <span class='ocrx_word' id='word_1_136' title='bbox 895 1180 938 1223; x_wconf 79' lang='lat' dir='ltr'>Et,</span> <span class='ocrx_word' id='word_1_137' title='bbox 953 1180 1110 1214; x_wconf 84' lang='lat' dir='ltr'>invocato</span> <span class='ocrx_word' id='word_1_138' title='bbox 1125 1180 1275 1214; x_wconf 83' lang='lat' dir='ltr'>Domino</span> 
     </span>
     <span class='ocr_line' id='line_1_19' title="bbox 245 1231 1272 1278; baseline 0 -12"><span class='ocrx_word' id='word_1_139' title='bbox 245 1233 279 1267; x_wconf 91' lang='lat' dir='ltr'>in</span> <span class='ocrx_word' id='word_1_140' title='bbox 299 1231 508 1277; x_wconf 81' lang='lat' dir='ltr'>adiutorium,</span> <span class='ocrx_word' id='word_1_141' title='bbox 535 1233 679 1267; x_wconf 86' lang='lat' dir='ltr'>exierunt</span> <span class='ocrx_word' id='word_1_142' title='bbox 705 1233 791 1267; x_wconf 87' lang='lat' dir='ltr'>foras</span> <span class='ocrx_word' id='word_1_143' title='bbox 814 1233 848 1266; x_wconf 90' lang='lat'>&amp;</span> <span class='ocrx_word' id='word_1_144' title='bbox 872 1232 956 1277; x_wconf 85' lang='lat' dir='ltr'>illos,</span> <span class='ocrx_word' id='word_1_145' title='bbox 985 1232 1041 1278; x_wconf 89' lang='lat' dir='ltr'>qui</span> <span class='ocrx_word' id='word_1_146' title='bbox 1064 1232 1272 1275; x_wconf 88' lang='lat' dir='ltr'>intraverant,</span> 
     </span>
     <span class='ocr_line' id='line_1_20' title="bbox 247 1284 1274 1332; baseline 0 -13"><span class='ocrx_word' id='word_1_147' title='bbox 247 1284 436 1320; x_wconf 84' lang='lat' dir='ltr'>ferociffime</span> <span class='ocrx_word' id='word_1_148' title='bbox 450 1286 619 1321; x_wconf 88' lang='lat' dir='ltr'>eiecerunt.</span> <span class='ocrx_word' id='word_1_149' title='bbox 638 1285 700 1321; x_wconf 88' lang='lat' dir='ltr'>Sed</span> <span class='ocrx_word' id='word_1_150' title='bbox 715 1287 749 1320; x_wconf 90' lang='lat'>&amp;</span> <span class='ocrx_word' id='word_1_151' title='bbox 761 1284 991 1330; x_wconf 81' lang='lat' dir='ltr'>admiraldum,</span> <span class='ocrx_word' id='word_1_152' title='bbox 1010 1286 1066 1332; x_wconf 91' lang='lat' dir='ltr'>qui</span> <span class='ocrx_word' id='word_1_153' title='bbox 1078 1285 1181 1332; x_wconf 86' lang='lat' dir='ltr'>impia</span> <span class='ocrx_word' id='word_1_154' title='bbox 1198 1297 1274 1332; x_wconf 91' lang='lat' dir='ltr'>pro-</span> 
     </span>
     <span class='ocr_line' id='line_1_21' title="bbox 247 1338 1276 1386; baseline 0 -14"><span class='ocrx_word' id='word_1_155' title='bbox 247 1338 361 1373; x_wconf 85' lang='lat' dir='ltr'>tulerat</span> <span class='ocrx_word' id='word_1_156' title='bbox 392 1338 488 1374; x_wconf 86' lang='lat' dir='ltr'>verba</span> <span class='ocrx_word' id='word_1_157' title='bbox 512 1340 598 1374; x_wconf 90' lang='lat' dir='ltr'>intus</span> <span class='ocrx_word' id='word_1_158' title='bbox 625 1340 769 1374; x_wconf 85' lang='lat' dir='ltr'>occisum</span> <span class='ocrx_word' id='word_1_159' title='bbox 798 1351 996 1386; x_wconf 86' lang='lat' dir='ltr'>repererunt,</span> <span class='ocrx_word' id='word_1_160' title='bbox 1022 1338 1128 1385; x_wconf 75' lang='lat' dir='ltr'>sicque</span> <span class='ocrx_word' id='word_1_161' title='bbox 1156 1339 1276 1386; x_wconf 88' lang='lat' dir='ltr'>Pagani</span> 
     </span>
     <span class='ocr_line' id='line_1_22' title="bbox 247 1390 1276 1439; baseline 0 -13"><span class='ocrx_word' id='word_1_162' title='bbox 247 1391 362 1439; x_wconf 86' lang='lat' dir='ltr'>fugam</span> <span class='ocrx_word' id='word_1_163' title='bbox 376 1393 524 1427; x_wconf 87' lang='lat' dir='ltr'>inierunt.</span> <span class='ocrx_word' id='word_1_164' title='bbox 542 1393 767 1427; x_wconf 84' lang='lat' dir='ltr'>Veruntamen</span> <span class='ocrx_word' id='word_1_165' title='bbox 782 1392 901 1427; x_wconf 91' lang='lat' dir='ltr'>multos</span> <span class='ocrx_word' id='word_1_166' title='bbox 915 1404 1099 1427; x_wconf 87' lang='lat' dir='ltr'>truncantes</span> <span class='ocrx_word' id='word_1_167' title='bbox 1118 1390 1276 1439; x_wconf 85' lang='lat' dir='ltr'>capitibus</span> 
     </span>
     <span class='ocr_line' id='line_1_23' title="bbox 247 1444 1276 1494; baseline -0.001 -14"><span class='ocrx_word' id='word_1_168' title='bbox 247 1448 282 1482; x_wconf 73' lang='grc' dir='ltr'>δε</span> <span class='ocrx_word' id='word_1_169' title='bbox 306 1445 454 1480; x_wconf 84' lang='lat' dir='ltr'>manibus</span> <span class='ocrx_word' id='word_1_170' title='bbox 479 1448 513 1480; x_wconf 74' lang='grc' dir='ltr'>ὅ(</span> <span class='ocrx_word' id='word_1_171' title='bbox 540 1444 676 1494; x_wconf 82' lang='lat' dir='ltr'>pedibus</span> <span class='ocrx_word' id='word_1_172' title='bbox 702 1447 735 1481; x_wconf 89' lang='lat' dir='ltr'>in</span> <span class='ocrx_word' id='word_1_173' title='bbox 763 1459 884 1494; x_wconf 89' lang='lat' dir='ltr'>campo</span> <span class='ocrx_word' id='word_1_174' title='bbox 909 1446 1051 1480; x_wconf 89' lang='lat' dir='ltr'>iacentes</span> <span class='ocrx_word' id='word_1_175' title='bbox 1077 1444 1276 1489; x_wconf 83' lang='lat' dir='ltr'>dimiserunt,</span> 
     </span>
     <span class='ocr_line' id='line_1_24' title="bbox 249 1499 1276 1549; baseline -0.003 -14"><span class='ocrx_word' id='word_1_176' title='bbox 249 1502 305 1549; x_wconf 89' lang='lat' dir='ltr'>qui</span> <span class='ocrx_word' id='word_1_177' title='bbox 322 1499 385 1536; x_wconf 77' lang='lat' dir='ltr'>sine</span> <span class='ocrx_word' id='word_1_178' title='bbox 404 1513 540 1535; x_wconf 87' lang='lat' dir='ltr'>numero</span> <span class='ocrx_word' id='word_1_179' title='bbox 558 1500 697 1535; x_wconf 88' lang='lat' dir='ltr'>fuerunt.</span> <span class='ocrx_word' id='word_1_180' title='bbox 722 1499 785 1535; x_wconf 89' lang='lat' dir='ltr'>Sed</span> <span class='ocrx_word' id='word_1_181' title='bbox 802 1499 916 1534; x_wconf 89' lang='lat' dir='ltr'>consul</span> <span class='ocrx_word' id='word_1_182' title='bbox 934 1499 1059 1534; x_wconf 86' lang='lat' dir='ltr'>Pisanus</span> <span class='ocrx_word' id='word_1_183' title='bbox 1082 1511 1159 1533; x_wconf 88' lang='lat' dir='ltr'>cum</span> <span class='ocrx_word' id='word_1_184' title='bbox 1184 1499 1276 1545; x_wconf 90' lang='lat' dir='ltr'>quin-</span> 
     </span>
     <span class='ocr_line' id='line_1_25' title="bbox 249 1552 1276 1590; baseline -0.004 0"><span class='ocrx_word' id='word_1_185' title='bbox 249 1555 357 1590; x_wconf 88' lang='lat' dir='ltr'>decim</span> <span class='ocrx_word' id='word_1_186' title='bbox 374 1553 526 1589; x_wconf 83' lang='lat' dir='ltr'>militibus</span> <span class='ocrx_word' id='word_1_187' title='bbox 550 1556 584 1589; x_wconf 93' lang='lat'>&amp;</span> <span class='ocrx_word' id='word_1_188' title='bbox 608 1554 707 1588; x_wconf 78' lang='lat' dir='ltr'>nostri</span> <span class='ocrx_word' id='word_1_189' title='bbox 724 1554 894 1589; x_wconf 72' lang='lat' dir='ltr'>vietoriam</span> <span class='ocrx_word' id='word_1_190' title='bbox 912 1552 1096 1588; x_wconf 87' lang='lat' dir='ltr'>obtinentes</span> <span class='ocrx_word' id='word_1_191' title='bbox 1115 1565 1191 1586; x_wconf 91' lang='lat' dir='ltr'>cum</span> <span class='ocrx_word' id='word_1_192' title='bbox 1207 1552 1276 1587; x_wconf 87' lang='lat' dir='ltr'>leti-</span> 
     </span>
     <span class='ocr_line' id='line_1_26' title="bbox 250 1605 1277 1654; baseline -0.004 -11"><span class='ocrx_word' id='word_1_193' title='bbox 250 1609 294 1643; x_wconf 87' lang='lat' dir='ltr'>tia</span> <span class='ocrx_word' id='word_1_194' title='bbox 322 1609 394 1643; x_wconf 88' lang='lat' dir='ltr'>sunt</span> <span class='ocrx_word' id='word_1_195' title='bbox 423 1606 544 1651; x_wconf 75' lang='lat' dir='ltr'>reversi,</span> <span class='ocrx_word' id='word_1_196' title='bbox 570 1606 737 1642; x_wconf 87' lang='lat' dir='ltr'>laudantes</span> <span class='ocrx_word' id='word_1_197' title='bbox 768 1608 802 1641; x_wconf 90' lang='lat'>&amp;</span> <span class='ocrx_word' id='word_1_198' title='bbox 827 1605 1047 1654; x_wconf 88' lang='lat' dir='ltr'>glorificantes</span> <span class='ocrx_word' id='word_1_199' title='bbox 1074 1606 1194 1650; x_wconf 88' lang='lat' dir='ltr'>Deum,</span> <span class='ocrx_word' id='word_1_200' title='bbox 1220 1606 1277 1652; x_wconf 90' lang='lat' dir='ltr'>qui</span> 
     </span>
     <span class='ocr_line' id='line_1_27' title="bbox 250 1661 737 1710; baseline -0.004 -12"><span class='ocrx_word' id='word_1_201' title='bbox 250 1663 354 1698; x_wconf 85' lang='lat' dir='ltr'>salvos</span> <span class='ocrx_word' id='word_1_202' title='bbox 374 1662 449 1696; x_wconf 83' lang='lat' dir='ltr'>facit</span> <span class='ocrx_word' id='word_1_203' title='bbox 468 1662 630 1710; x_wconf 84' lang='lat' dir='ltr'>sperantes</span> <span class='ocrx_word' id='word_1_204' title='bbox 647 1662 680 1695; x_wconf 89' lang='lat' dir='ltr'>in</span> <span class='ocrx_word' id='word_1_205' title='bbox 698 1661 737 1696; x_wconf 84' lang='lat' dir='ltr'>se.</span> 
     </span>
    </p>
   </div>
   <div class='ocr_carea' id='block_1_3' title="bbox 291 1768 1235 1819">
    <p class='ocr_par' dir='ltr' id='par_1_4' title="bbox 291 1768 1235 1819">
     <span class='ocr_line' id='line_1_28' title="bbox 291 1768 1235 1819; baseline -0.006 -13"><span class='ocrx_word' id='word_1_206' title='bbox 291 1775 342 1806; x_wconf 76' lang='lat' dir='ltr'>‘De</span> <span class='ocrx_word' id='word_1_207' title='bbox 358 1773 574 1819; x_wconf 75' lang='lat' dir='ltr'>expugnatione</span> <span class='ocrx_word' id='word_1_208' title='bbox 591 1773 694 1816; x_wconf 86' lang='lat' dir='ltr'>quinta</span> <span class='ocrx_word' id='word_1_209' title='bbox 712 1769 742 1803; x_wconf 70' lang='grc' dir='ltr'>δ’</span> <span class='ocrx_word' id='word_1_210' title='bbox 759 1769 939 1814; x_wconf 83' lang='lat' dir='ltr'>quorundam</span> <span class='ocrx_word' id='word_1_211' title='bbox 951 1770 1124 1815; x_wconf 86' lang='lat' dir='ltr'><em>principum</em></span> <span class='ocrx_word' id='word_1_212' title='bbox 1142 1768 1235 1801; x_wconf 82' lang='lat' dir='ltr'>obitu.</span> 
     </span>
    </p>
   </div>
   <div class='ocr_carea' id='block_1_4' title="bbox 135 1874 1385 2139">
    <p class='ocr_par' dir='ltr' id='par_1_5' title="bbox 299 1874 1277 1924">
     <span class='ocr_line' id='line_1_29' title="bbox 299 1874 1277 1924; baseline -0.003 -11"><span class='ocrx_word' id='word_1_213' title='bbox 299 1878 457 1914; x_wconf 84' lang='lat' dir='ltr'>XXXVn.</span> <span class='ocrx_word' id='word_1_214' title='bbox 486 1879 519 1911; x_wconf 85' lang='lat' dir='ltr'>ln</span> <span class='ocrx_word' id='word_1_215' title='bbox 540 1875 592 1911; x_wconf 89' lang='lat' dir='ltr'>die</span> <span class='ocrx_word' id='word_1_216' title='bbox 608 1875 912 1924; x_wconf 86' lang='lat' dir='ltr'>Transfigurationis</span> <span class='ocrx_word' id='word_1_217' title='bbox 932 1875 1081 1918; x_wconf 86' lang='lat' dir='ltr'>Domini,</span> <span class='ocrx_word' id='word_1_218' title='bbox 1110 1874 1227 1924; x_wconf 67' lang='lat' dir='ltr'>scilieet</span> <span class='ocrx_word' id='word_1_219' title='bbox 1243 1876 1277 1910; x_wconf 90' lang='lat' dir='ltr'>in</span> 
     </span>
    </p>

    <p class='ocr_par' dir='ltr' id='par_1_6' title="bbox 135 1928 1385 2139">
     <span class='ocr_line' id='line_1_30' title="bbox 253 1928 1385 1977; baseline -0.004 -10"><span class='ocrx_word' id='word_1_220' title='bbox 253 1933 332 1967; x_wconf 86' lang='lat' dir='ltr'>festo</span> <span class='ocrx_word' id='word_1_221' title='bbox 350 1932 457 1967; x_wconf 67' lang='lat' dir='ltr'>saneti</span> <span class='ocrx_word' id='word_1_222' title='bbox 473 1931 560 1974; x_wconf 89' lang='lat' dir='ltr'>Sixti‚</span> <span class='ocrx_word' id='word_1_223' title='bbox 585 1930 756 1965; x_wconf 78' lang='lat' dir='ltr'>Christiani</span> <span class='ocrx_word' id='word_1_224' title='bbox 778 1940 1054 1977; x_wconf 86' lang='lat' dir='ltr'>oppugnaverunt</span> <span class='ocrx_word' id='word_1_225' title='bbox 1071 1928 1197 1971; x_wconf 89' lang='lat' dir='ltr'>urbem,</span> <span class='ocrx_word' id='word_1_226' title='bbox 1219 1929 1278 1962; x_wconf 89' lang='lat' dir='ltr'>im·</span> <span class='ocrx_word' id='word_1_227' title='bbox 1294 1944 1350 1971; x_wconf 72' lang='lat' dir='ltr'>Aug.</span> <span class='ocrx_word' id='word_1_228' title='bbox 1363 1942 1385 1964; x_wconf 80' lang='lat'>6.</span> 
     </span>
     <span class='ocr_line' id='line_1_31' title="bbox 253 1981 1277 2034; baseline -0.005 -13"><span class='ocrx_word' id='word_1_229' title='bbox 253 1986 377 2034; x_wconf 86' lang='lat' dir='ltr'>plentes</span> <span class='ocrx_word' id='word_1_230' title='bbox 389 1983 554 2028; x_wconf 63' lang='lat' dir='ltr'>fossatum,</span> <span class='ocrx_word' id='word_1_231' title='bbox 569 1984 662 2031; x_wconf 87' lang='lat' dir='ltr'>super</span> <span class='ocrx_word' id='word_1_232' title='bbox 675 1982 767 2030; x_wconf 90' lang='lat' dir='ltr'>quod</span> <span class='ocrx_word' id='word_1_233' title='bbox 781 1994 884 2017; x_wconf 89' lang='lat' dir='ltr'>cattus</span> <span class='ocrx_word' id='word_1_234' title='bbox 899 1982 1004 2016; x_wconf 87' lang='lat' dir='ltr'>noster</span> <span class='ocrx_word' id='word_1_235' title='bbox 1018 1981 1185 2017; x_wconf 89' lang='lat' dir='ltr'>ducendus</span> <span class='ocrx_word' id='word_1_236' title='bbox 1198 1994 1277 2024; x_wconf 85' lang='lat' dir='ltr'>erat,</span> 
     </span>
     <span class='ocr_line' id='line_1_32' title="bbox 135 2036 1279 2087; baseline -0.003 -13"><span class='ocrx_word' id='word_1_237' title='bbox 135 2051 151 2074; x_wconf 82' lang='lat' dir='ltr'>f.</span> <span class='ocrx_word' id='word_1_238' title='bbox 165 2050 208 2074; x_wconf 81' lang='lat'>180</span> <span class='ocrx_word' id='word_1_239' title='bbox 219 2050 240 2072; x_wconf 77' lang='lat' dir='ltr'>b.</span> <span class='ocrx_word' id='word_1_240' title='bbox 254 2040 310 2087; x_wconf 86' lang='lat' dir='ltr'>qui</span> <span class='ocrx_word' id='word_1_241' title='bbox 328 2038 472 2085; x_wconf 89' lang='lat' dir='ltr'>undique</span> <span class='ocrx_word' id='word_1_242' title='bbox 493 2038 610 2072; x_wconf 86' lang='lat' dir='ltr'>ferreus</span> <span class='ocrx_word' id='word_1_243' title='bbox 627 2049 705 2080; x_wconf 82' lang='lat' dir='ltr'>erat,</span> <span class='ocrx_word' id='word_1_244' title='bbox 729 2049 787 2084; x_wconf 82' lang='lat' dir='ltr'>per</span> <span class='ocrx_word' id='word_1_245' title='bbox 805 2049 904 2083; x_wconf 86' lang='lat' dir='ltr'>quem</span> <span class='ocrx_word' id='word_1_246' title='bbox 921 2048 981 2070; x_wconf 91' lang='lat' dir='ltr'>nos</span> <span class='ocrx_word' id='word_1_247' title='bbox 1000 2036 1099 2070; x_wconf 85' lang='lat' dir='ltr'>etiam</span> <span class='ocrx_word' id='word_1_248' title='bbox 1116 2036 1279 2071; x_wconf 86' lang='lat' dir='ltr'>civitatem</span> 
     </span>
     <span class='ocr_line' id='line_1_33' title="bbox 255 2087 1279 2139; baseline -0.003 -13"><span class='ocrx_word' id='word_1_249' title='bbox 255 2090 374 2126; x_wconf 87' lang='lat' dir='ltr'>habere</span> <span class='ocrx_word' id='word_1_250' title='bbox 390 2090 484 2139; x_wconf 79' lang='lat' dir='ltr'>posse</span> <span class='ocrx_word' id='word_1_251' title='bbox 501 2089 717 2139; x_wconf 87' lang='lat' dir='ltr'>sperabamus.</span> <span class='ocrx_word' id='word_1_252' title='bbox 740 2088 876 2126; x_wconf 90' lang='lat' dir='ltr'>Civibus</span> <span class='ocrx_word' id='word_1_253' title='bbox 894 2101 1001 2124; x_wconf 86' lang='lat' dir='ltr'>autem</span> <span class='ocrx_word' id='word_1_254' title='bbox 1019 2089 1200 2124; x_wconf 87' lang='lat' dir='ltr'>monstrum</span> <span class='ocrx_word' id='word_1_255' title='bbox 1217 2087 1279 2124; x_wconf 87' lang='lat' dir='ltr'>five</span> 
     </span>
    </p>
   </div>
  </div>
 </body>
</html>
