<?xml version="1.0" encoding="UTF-8"?>
<!DOCTYPE html PUBLIC "-//W3C//DTD XHTML 1.0 Transitional//EN"
    "http://www.w3.org/TR/xhtml1/DTD/xhtml1-transitional.dtd">
<html xmlns="http://www.w3.org/1999/xhtml" xml:lang="en" lang="en">
 <head>
  <title>
</title>
<meta http-equiv="Content-Type" content="text/html;charset=utf-8" />
  <meta name='ocr-system' content='tesseract 3.04.00' />
  <meta name='ocr-capabilities' content='ocr_page ocr_carea ocr_par ocr_line ocrx_word'/>
</head>
<body>
  <div class='ocr_page' id='page_1' title='image "./quintibellisacri00rhuoft_0178.png"; bbox 0 0 1624 2788; ppageno 0'>
   <div class='ocr_carea' id='block_1_1' title="bbox 383 261 1103 290">
    <p class='ocr_par' dir='ltr' id='par_1_1' title="bbox 383 261 1103 290">
     <span class='ocr_line' id='line_1_1' title="bbox 383 261 1103 290; baseline -0.004 0"><span class='ocrx_word' id='word_1_1' title='bbox 383 268 395 290; x_wconf 81' lang='lat'>1</span> <span class='ocrx_word' id='word_1_2' title='bbox 405 265 448 290; x_wconf 90' lang='lat'>22</span> <span class='ocrx_word' id='word_1_3' title='bbox 679 262 871 288; x_wconf 79' lang='lat' dir='ltr'>IOHANNES</span> <span class='ocrx_word' id='word_1_4' title='bbox 890 262 939 287; x_wconf 89' lang='lat' dir='ltr'>DE</span> <span class='ocrx_word' id='word_1_5' title='bbox 957 261 1103 288; x_wconf 84' lang='lat' dir='ltr'>TULBIA</span> 
     </span>
    </p>
   </div>
   <div class='ocr_carea' id='block_1_2' title="bbox 227 370 1484 2078">
    <p class='ocr_par' dir='ltr' id='par_1_2' title="bbox 227 370 1409 1331">
     <span class='ocr_line' id='line_1_2' title="bbox 305 370 1405 420; baseline -0.001 -13"><span class='ocrx_word' id='word_1_6' title='bbox 305 385 362 407; x_wconf 83' lang='lat'>1218</span> <span class='ocrx_word' id='word_1_7' title='bbox 378 372 470 420; x_wconf 92' lang='lat' dir='ltr'>quod</span> <span class='ocrx_word' id='word_1_8' title='bbox 490 385 547 420; x_wconf 90' lang='lat' dir='ltr'>per</span> <span class='ocrx_word' id='word_1_9' title='bbox 569 372 674 420; x_wconf 90' lang='lat' dir='ltr'>plures</span> <span class='ocrx_word' id='word_1_10' title='bbox 692 371 760 407; x_wconf 90' lang='lat' dir='ltr'>dies</span> <span class='ocrx_word' id='word_1_11' title='bbox 776 371 916 407; x_wconf 90' lang='lat' dir='ltr'>bibimus</span> <span class='ocrx_word' id='word_1_12' title='bbox 934 372 1048 407; x_wconf 90' lang='lat' dir='ltr'>vinum</span> <span class='ocrx_word' id='word_1_13' title='bbox 1074 370 1138 407; x_wconf 85' lang='lat' dir='ltr'>fine</span> <span class='ocrx_word' id='word_1_14' title='bbox 1159 384 1255 419; x_wconf 83' lang='lat' dir='ltr'>aqua,</span> <span class='ocrx_word' id='word_1_15' title='bbox 1281 383 1342 406; x_wconf 93' lang='lat' dir='ltr'>nec</span> <span class='ocrx_word' id='word_1_16' title='bbox 1362 370 1405 406; x_wconf 85' lang='lat' dir='ltr'>usi</span> 
     </span>
     <span class='ocr_line' id='line_1_3' title="bbox 244 423 1404 474; baseline 0.002 -17"><span class='ocrx_word' id='word_1_17' title='bbox 244 435 327 457; x_wconf 51' lang='lat' dir='ltr'>ottob.</span> <span class='ocrx_word' id='word_1_18' title='bbox 340 441 360 464; x_wconf 89' lang='lat'>9.</span> <span class='ocrx_word' id='word_1_19' title='bbox 379 426 496 461; x_wconf 90' lang='lat' dir='ltr'>fuimus</span> <span class='ocrx_word' id='word_1_20' title='bbox 510 427 661 474; x_wconf 90' lang='lat' dir='ltr'>coquina.</span> <span class='ocrx_word' id='word_1_21' title='bbox 682 426 759 460; x_wconf 86' lang='lat' dir='ltr'>Hoc</span> <span class='ocrx_word' id='word_1_22' title='bbox 773 426 896 462; x_wconf 76' lang='lat' dir='ltr'>fa6’tum</span> <span class='ocrx_word' id='word_1_23' title='bbox 913 426 972 461; x_wconf 90' lang='lat' dir='ltr'>fuit</span> <span class='ocrx_word' id='word_1_24' title='bbox 984 426 1017 461; x_wconf 91' lang='lat' dir='ltr'>in</span> <span class='ocrx_word' id='word_1_25' title='bbox 1033 425 1112 460; x_wconf 86' lang='lat' dir='ltr'>festo</span> <span class='ocrx_word' id='word_1_26' title='bbox 1126 426 1233 461; x_wconf 73' lang='lat' dir='ltr'>Sancli</span> <span class='ocrx_word' id='word_1_27' title='bbox 1246 423 1404 470; x_wconf 83' lang='lat' dir='ltr'>Dionyfij.</span> 
     </span>
     <span class='ocr_line' id='line_1_4' title="bbox 426 477 1407 529; baseline -0.003 -13"><span class='ocrx_word' id='word_1_28' title='bbox 426 481 476 516; x_wconf 80' lang='lat' dir='ltr'>1X.</span> <span class='ocrx_word' id='word_1_29' title='bbox 500 480 570 515; x_wconf 91' lang='lat' dir='ltr'>Post</span> <span class='ocrx_word' id='word_1_30' title='bbox 592 481 657 515; x_wconf 88' lang='lat' dir='ltr'>hoc</span> <span class='ocrx_word' id='word_1_31' title='bbox 679 480 836 529; x_wconf 87' lang='lat' dir='ltr'>applicuit</span> <span class='ocrx_word' id='word_1_32' title='bbox 861 480 1012 529; x_wconf 90' lang='lat' dir='ltr'>magister</span> <span class='ocrx_word' id='word_1_33' title='bbox 1034 481 1068 516; x_wconf 81' lang='lat' dir='ltr'>R.</span> <span class='ocrx_word' id='word_1_34' title='bbox 1091 479 1133 515; x_wconf 91' lang='lat' dir='ltr'>de</span> <span class='ocrx_word' id='word_1_35' title='bbox 1155 477 1314 515; x_wconf 85' lang='lat' dir='ltr'>Curfione</span> <span class='ocrx_word' id='word_1_36' title='bbox 1330 491 1407 514; x_wconf 90' lang='lat' dir='ltr'>cum</span> 
     </span>
     <span class='ocr_line' id='line_1_5' title="bbox 376 532 1407 570; baseline -0.001 -1"><span class='ocrx_word' id='word_1_37' title='bbox 376 535 498 570; x_wconf 86' lang='lat' dir='ltr'>comite</span> <span class='ocrx_word' id='word_1_38' title='bbox 525 534 566 570; x_wconf 87' lang='lat' dir='ltr'>de</span> <span class='ocrx_word' id='word_1_39' title='bbox 589 534 721 569; x_wconf 88' lang='lat' dir='ltr'>Niversa</span> <span class='ocrx_word' id='word_1_40' title='bbox 745 535 779 568; x_wconf 92' lang='lat'>&amp;</span> <span class='ocrx_word' id='word_1_41' title='bbox 805 547 882 569; x_wconf 90' lang='lat' dir='ltr'>cum</span> <span class='ocrx_word' id='word_1_42' title='bbox 904 534 1012 569; x_wconf 90' lang='lat' dir='ltr'>multis</span> <span class='ocrx_word' id='word_1_43' title='bbox 1036 532 1188 569; x_wconf 82' lang='lat' dir='ltr'>militibus</span> <span class='ocrx_word' id='word_1_44' title='bbox 1215 533 1257 568; x_wconf 94' lang='lat' dir='ltr'>de</span> <span class='ocrx_word' id='word_1_45' title='bbox 1277 534 1407 569; x_wconf 82' lang='lat' dir='ltr'>Francia</span> 
     </span>
     <span class='ocr_line' id='line_1_6' title="bbox 375 586 1408 636; baseline -0.002 -13"><span class='ocrx_word' id='word_1_46' title='bbox 375 589 410 622; x_wconf 92' lang='lat'>&amp;</span> <span class='ocrx_word' id='word_1_47' title='bbox 428 588 556 636; x_wconf 76' lang='lat' dir='ltr'>Anglia.</span> <span class='ocrx_word' id='word_1_48' title='bbox 583 586 786 635; x_wconf 88' lang='lat' dir='ltr'>Perpendens</span> <span class='ocrx_word' id='word_1_49' title='bbox 810 599 920 622; x_wconf 88' lang='lat' dir='ltr'>autem</span> <span class='ocrx_word' id='word_1_50' title='bbox 942 600 996 622; x_wconf 87' lang='lat' dir='ltr'>rex</span> <span class='ocrx_word' id='word_1_51' title='bbox 1014 587 1140 636; x_wconf 80' lang='lat' dir='ltr'>Egypti‚</span> <span class='ocrx_word' id='word_1_52' title='bbox 1165 586 1257 634; x_wconf 93' lang='lat' dir='ltr'>quod</span> <span class='ocrx_word' id='word_1_53' title='bbox 1277 587 1408 622; x_wconf 87' lang='lat' dir='ltr'>fortuna</span> 
     </span>
     <span class='ocr_line' id='line_1_7' title="bbox 376 640 1407 689; baseline -0.001 -14"><span class='ocrx_word' id='word_1_54' title='bbox 376 640 609 677; x_wconf 89' lang='lat' dir='ltr'>denovercaret</span> <span class='ocrx_word' id='word_1_55' title='bbox 627 642 681 686; x_wconf 87' lang='lat' dir='ltr'>eis,</span> <span class='ocrx_word' id='word_1_56' title='bbox 699 642 733 676; x_wconf 90' lang='lat'>&amp;</span> <span class='ocrx_word' id='word_1_57' title='bbox 754 641 842 676; x_wconf 90' lang='lat' dir='ltr'>Deus</span> <span class='ocrx_word' id='word_1_58' title='bbox 860 654 921 688; x_wconf 93' lang='lat' dir='ltr'>pro</span> <span class='ocrx_word' id='word_1_59' title='bbox 940 640 1034 676; x_wconf 90' lang='lat' dir='ltr'>nobis</span> <span class='ocrx_word' id='word_1_60' title='bbox 1048 652 1219 689; x_wconf 86' lang='lat' dir='ltr'>pugnaret,</span> <span class='ocrx_word' id='word_1_61' title='bbox 1239 640 1407 688; x_wconf 81' lang='lat' dir='ltr'>cogitavit,</span> 
     </span>
     <span class='ocr_line' id='line_1_8' title="bbox 376 692 1407 742; baseline -0.001 -13"><span class='ocrx_word' id='word_1_62' title='bbox 376 707 553 742; x_wconf 86' lang='lat' dir='ltr'>antequam</span> <span class='ocrx_word' id='word_1_63' title='bbox 578 695 625 729; x_wconf 88' lang='lat' dir='ltr'>isti</span> <span class='ocrx_word' id='word_1_64' title='bbox 650 694 852 729; x_wconf 86' lang='lat' dir='ltr'>extraherent</span> <span class='ocrx_word' id='word_1_65' title='bbox 880 707 983 741; x_wconf 90' lang='lat' dir='ltr'>equos</span> <span class='ocrx_word' id='word_1_66' title='bbox 1010 696 1044 729; x_wconf 92' lang='lat'>&amp;</span> <span class='ocrx_word' id='word_1_67' title='bbox 1069 707 1160 729; x_wconf 88' lang='lat' dir='ltr'>arma</span> <span class='ocrx_word' id='word_1_68' title='bbox 1187 693 1228 728; x_wconf 92' lang='lat' dir='ltr'>de</span> <span class='ocrx_word' id='word_1_69' title='bbox 1260 692 1407 739; x_wconf 90' lang='lat' dir='ltr'>navibus,</span> 
     </span>
     <span class='ocr_line' id='line_1_9' title="bbox 227 747 1407 797; baseline -0.001 -14"><span class='ocrx_word' id='word_1_70' title='bbox 227 753 311 776; x_wconf 61' lang='lat' dir='ltr'>Oflob·</span> <span class='ocrx_word' id='word_1_71' title='bbox 324 754 361 776; x_wconf 85' lang='lat'>2⁶·</span> <span class='ocrx_word' id='word_1_72' title='bbox 377 747 453 796; x_wconf 91' lang='lat' dir='ltr'>[nos</span> <span class='ocrx_word' id='word_1_73' title='bbox 470 747 617 797; x_wconf 84' lang='lat' dir='ltr'>aggredi,</span> <span class='ocrx_word' id='word_1_74' title='bbox 634 747 761 795; x_wconf 88' lang='lat' dir='ltr'>itaque]</span> <span class='ocrx_word' id='word_1_75' title='bbox 788 748 821 782; x_wconf 90' lang='lat' dir='ltr'>in</span> <span class='ocrx_word' id='word_1_76' title='bbox 839 747 892 783; x_wconf 88' lang='lat' dir='ltr'>die</span> <span class='ocrx_word' id='word_1_77' title='bbox 909 748 1056 793; x_wconf 82' lang='lat' dir='ltr'>Veneris,</span> <span class='ocrx_word' id='word_1_78' title='bbox 1083 748 1115 782; x_wconf 92' lang='lat' dir='ltr'>in</span> <span class='ocrx_word' id='word_1_79' title='bbox 1134 747 1213 782; x_wconf 89' lang='lat' dir='ltr'>festo</span> <span class='ocrx_word' id='word_1_80' title='bbox 1234 748 1322 782; x_wconf 88' lang='lat' dir='ltr'>Beati</span> <span class='ocrx_word' id='word_1_81' title='bbox 1341 749 1407 783; x_wconf 92' lang='lat' dir='ltr'>De-</span> 
     </span>
     <span class='ocr_line' id='line_1_10' title="bbox 376 800 1408 848; baseline 0 -12"><span class='ocrx_word' id='word_1_82' title='bbox 376 802 493 846; x_wconf 79' lang='lat' dir='ltr'>metrii,</span> <span class='ocrx_word' id='word_1_83' title='bbox 513 802 629 836; x_wconf 83' lang='lat' dir='ltr'>milites</span> <span class='ocrx_word' id='word_1_84' title='bbox 647 813 805 837; x_wconf 87' lang='lat' dir='ltr'>venerunt</span> <span class='ocrx_word' id='word_1_85' title='bbox 818 801 918 848; x_wconf 91' lang='lat' dir='ltr'>usque</span> <span class='ocrx_word' id='word_1_86' title='bbox 932 800 974 836; x_wconf 90' lang='lat' dir='ltr'>ad</span> <span class='ocrx_word' id='word_1_87' title='bbox 989 802 1128 836; x_wconf 91' lang='lat' dir='ltr'>tentoria</span> <span class='ocrx_word' id='word_1_88' title='bbox 1140 801 1258 846; x_wconf 89' lang='lat' dir='ltr'>nostra,</span> <span class='ocrx_word' id='word_1_89' title='bbox 1275 802 1310 836; x_wconf 89' lang='lat'>&amp;</span> <span class='ocrx_word' id='word_1_90' title='bbox 1328 813 1408 836; x_wconf 90' lang='lat' dir='ltr'>con-</span> 
     </span>
     <span class='ocr_line' id='line_1_11' title="bbox 377 855 1408 902; baseline -0.001 -12"><span class='ocrx_word' id='word_1_91' title='bbox 377 855 479 890; x_wconf 89' lang='lat' dir='ltr'>festim</span> <span class='ocrx_word' id='word_1_92' title='bbox 497 855 682 890; x_wconf 88' lang='lat' dir='ltr'>christianus</span> <span class='ocrx_word' id='word_1_93' title='bbox 701 855 857 890; x_wconf 84' lang='lat' dir='ltr'>exercitus</span> <span class='ocrx_word' id='word_1_94' title='bbox 875 867 978 902; x_wconf 90' lang='lat' dir='ltr'>equos</span> <span class='ocrx_word' id='word_1_95' title='bbox 998 855 1151 900; x_wconf 84' lang='lat' dir='ltr'>ascendit,</span> <span class='ocrx_word' id='word_1_96' title='bbox 1169 856 1203 890; x_wconf 90' lang='lat'>&amp;</span> <span class='ocrx_word' id='word_1_97' title='bbox 1221 855 1320 890; x_wconf 88' lang='lat' dir='ltr'>secuti</span> <span class='ocrx_word' id='word_1_98' title='bbox 1337 855 1408 890; x_wconf 91' lang='lat' dir='ltr'>sunt</span> 
     </span>
     <span class='ocr_line' id='line_1_12' title="bbox 375 907 1408 956; baseline -0.002 -12"><span class='ocrx_word' id='word_1_99' title='bbox 375 922 432 944; x_wconf 89' lang='lat' dir='ltr'>eos</span> <span class='ocrx_word' id='word_1_100' title='bbox 450 909 551 956; x_wconf 90' lang='lat' dir='ltr'>usque</span> <span class='ocrx_word' id='word_1_101' title='bbox 578 908 620 943; x_wconf 92' lang='lat' dir='ltr'>ad</span> <span class='ocrx_word' id='word_1_102' title='bbox 639 921 788 956; x_wconf 83' lang='lat' dir='ltr'>pontem,</span> <span class='ocrx_word' id='word_1_103' title='bbox 813 922 871 956; x_wconf 90' lang='lat' dir='ltr'>per</span> <span class='ocrx_word' id='word_1_104' title='bbox 896 921 996 956; x_wconf 91' lang='lat' dir='ltr'>quem</span> <span class='ocrx_word' id='word_1_105' title='bbox 1014 921 1172 944; x_wconf 90' lang='lat' dir='ltr'>venerunt</span> <span class='ocrx_word' id='word_1_106' title='bbox 1197 908 1239 943; x_wconf 93' lang='lat' dir='ltr'>ad</span> <span class='ocrx_word' id='word_1_107' title='bbox 1265 921 1335 943; x_wconf 92' lang='lat' dir='ltr'>nos.</span> <span class='ocrx_word' id='word_1_108' title='bbox 1364 907 1408 943; x_wconf 82' lang='lat' dir='ltr'>lbi</span> 
     </span>
     <span class='ocr_line' id='line_1_13' title="bbox 377 961 1408 1010; baseline 0 -13"><span class='ocrx_word' id='word_1_109' title='bbox 377 963 497 997; x_wconf 90' lang='lat' dir='ltr'>mortui</span> <span class='ocrx_word' id='word_1_110' title='bbox 512 963 583 997; x_wconf 91' lang='lat' dir='ltr'>sunt</span> <span class='ocrx_word' id='word_1_111' title='bbox 601 962 695 996; x_wconf 89' lang='lat' dir='ltr'>multi</span> <span class='ocrx_word' id='word_1_112' title='bbox 708 964 742 998; x_wconf 71' lang='grc' dir='ltr'>ὃς</span> <span class='ocrx_word' id='word_1_113' title='bbox 760 962 866 1010; x_wconf 91' lang='lat' dir='ltr'>plures</span> <span class='ocrx_word' id='word_1_114' title='bbox 885 961 1033 1007; x_wconf 80' lang='lat' dir='ltr'>dextrarii</span> <span class='ocrx_word' id='word_1_115' title='bbox 1052 963 1152 1010; x_wconf 88' lang='lat' dir='ltr'>capti,</span> <span class='ocrx_word' id='word_1_116' title='bbox 1170 963 1205 997; x_wconf 89' lang='lat'>&amp;</span> <span class='ocrx_word' id='word_1_117' title='bbox 1220 961 1357 1010; x_wconf 90' lang='lat' dir='ltr'>quidam</span> <span class='ocrx_word' id='word_1_118' title='bbox 1369 974 1408 997; x_wconf 84' lang='lat' dir='ltr'>ex</span> 
     </span>
     <span class='ocr_line' id='line_1_14' title="bbox 375 1014 1407 1064; baseline 0 -14"><span class='ocrx_word' id='word_1_119' title='bbox 375 1016 445 1058; x_wconf 82' lang='lat' dir='ltr'>illis,</span> <span class='ocrx_word' id='word_1_120' title='bbox 473 1016 527 1063; x_wconf 91' lang='lat' dir='ltr'>qui</span> <span class='ocrx_word' id='word_1_121' title='bbox 545 1027 684 1064; x_wconf 92' lang='lat' dir='ltr'>pontem</span> <span class='ocrx_word' id='word_1_122' title='bbox 699 1015 876 1061; x_wconf 87' lang='lat' dir='ltr'>evaserunt,</span> <span class='ocrx_word' id='word_1_123' title='bbox 894 1016 994 1064; x_wconf 88' lang='lat' dir='ltr'>ruptis</span> <span class='ocrx_word' id='word_1_124' title='bbox 1013 1015 1160 1061; x_wconf 81' lang='lat' dir='ltr'>vinculis,</span> <span class='ocrx_word' id='word_1_125' title='bbox 1188 1014 1303 1063; x_wconf 89' lang='lat' dir='ltr'>quibus</span> <span class='ocrx_word' id='word_1_126' title='bbox 1321 1027 1407 1064; x_wconf 91' lang='lat' dir='ltr'>pons</span> 
     </span>
     <span class='ocr_line' id='line_1_15' title="bbox 377 1068 1405 1117; baseline 0 -13"><span class='ocrx_word' id='word_1_127' title='bbox 377 1068 556 1115; x_wconf 86' lang='lat' dir='ltr'>tenebatur,</span> <span class='ocrx_word' id='word_1_128' title='bbox 583 1083 601 1104; x_wconf 92' lang='lat' dir='ltr'>a</span> <span class='ocrx_word' id='word_1_129' title='bbox 622 1082 714 1117; x_wconf 86' lang='lat' dir='ltr'>parte</span> <span class='ocrx_word' id='word_1_130' title='bbox 742 1082 858 1104; x_wconf 90' lang='lat' dir='ltr'>eorum</span> <span class='ocrx_word' id='word_1_131' title='bbox 880 1068 1069 1104; x_wconf 90' lang='lat' dir='ltr'>dimiserunt</span> <span class='ocrx_word' id='word_1_132' title='bbox 1091 1068 1179 1104; x_wconf 90' lang='lat' dir='ltr'>abire</span> <span class='ocrx_word' id='word_1_133' title='bbox 1203 1068 1371 1105; x_wconf 89' lang='lat' dir='ltr'>laudantes</span> <span class='ocrx_word' id='word_1_134' title='bbox 1396 1076 1405 1092; x_wconf 93' lang='lat'>¹</span> 
     </span>
     <span class='ocr_line' id='line_1_16' title="bbox 376 1121 1409 1158; baseline 0 0"><span class='ocrx_word' id='word_1_135' title='bbox 376 1123 485 1158; x_wconf 85' lang='lat' dir='ltr'>Deum</span> <span class='ocrx_word' id='word_1_136' title='bbox 503 1124 537 1158; x_wconf 92' lang='lat'>&amp;</span> <span class='ocrx_word' id='word_1_137' title='bbox 552 1123 687 1158; x_wconf 87' lang='lat' dir='ltr'>Beatum</span> <span class='ocrx_word' id='word_1_138' title='bbox 706 1123 920 1157; x_wconf 90' lang='lat' dir='ltr'>Demetrium.</span> <span class='ocrx_word' id='word_1_139' title='bbox 953 1125 986 1157; x_wconf 86' lang='lat' dir='ltr'>ln</span> <span class='ocrx_word' id='word_1_140' title='bbox 1012 1122 1074 1157; x_wconf 91' lang='lat' dir='ltr'>hac</span> <span class='ocrx_word' id='word_1_141' title='bbox 1098 1121 1151 1157; x_wconf 88' lang='lat' dir='ltr'>die</span> <span class='ocrx_word' id='word_1_142' title='bbox 1176 1135 1323 1158; x_wconf 89' lang='lat' dir='ltr'>mortuus</span> <span class='ocrx_word' id='word_1_143' title='bbox 1350 1123 1409 1158; x_wconf 91' lang='lat' dir='ltr'>fuit</span> 
     </span>
     <span class='ocr_line' id='line_1_17' title="bbox 375 1174 1406 1223; baseline 0.001 -12"><span class='ocrx_word' id='word_1_144' title='bbox 375 1176 562 1221; x_wconf 85' lang='lat' dir='ltr'>Nicholaus,</span> <span class='ocrx_word' id='word_1_145' title='bbox 582 1177 628 1211; x_wconf 91' lang='lat' dir='ltr'>vir</span> <span class='ocrx_word' id='word_1_146' title='bbox 645 1177 822 1219; x_wconf 81' lang='lat' dir='ltr'>Romanus,</span> <span class='ocrx_word' id='word_1_147' title='bbox 850 1177 884 1211; x_wconf 89' lang='lat'>&amp;</span> <span class='ocrx_word' id='word_1_148' title='bbox 902 1176 1062 1211; x_wconf 84' lang='lat' dir='ltr'>interfecit</span> <span class='ocrx_word' id='word_1_149' title='bbox 1077 1189 1153 1211; x_wconf 90' lang='lat' dir='ltr'>eum</span> <span class='ocrx_word' id='word_1_150' title='bbox 1170 1174 1307 1223; x_wconf 87' lang='lat' dir='ltr'>quidam</span> <span class='ocrx_word' id='word_1_151' title='bbox 1323 1176 1406 1212; x_wconf 87' lang='lat' dir='ltr'>Tur-</span> 
     </span>
     <span class='ocr_line' id='line_1_18' title="bbox 375 1228 1407 1279; baseline 0.001 -15"><span class='ocrx_word' id='word_1_152' title='bbox 375 1242 430 1264; x_wconf 93' lang='lat' dir='ltr'>cus</span> <span class='ocrx_word' id='word_1_153' title='bbox 450 1242 518 1265; x_wconf 90' lang='lat' dir='ltr'>tam</span> <span class='ocrx_word' id='word_1_154' title='bbox 535 1243 686 1279; x_wconf 83' lang='lat' dir='ltr'>magnus,</span> <span class='ocrx_word' id='word_1_155' title='bbox 705 1229 796 1277; x_wconf 92' lang='lat' dir='ltr'>quod</span> <span class='ocrx_word' id='word_1_156' title='bbox 820 1228 971 1265; x_wconf 90' lang='lat' dir='ltr'>soldanus</span> <span class='ocrx_word' id='word_1_157' title='bbox 994 1229 1135 1265; x_wconf 89' lang='lat' dir='ltr'>habebat</span> <span class='ocrx_word' id='word_1_158' title='bbox 1160 1243 1236 1265; x_wconf 88' lang='lat' dir='ltr'>eum</span> <span class='ocrx_word' id='word_1_159' title='bbox 1252 1243 1314 1278; x_wconf 94' lang='lat' dir='ltr'>pro</span> <span class='ocrx_word' id='word_1_160' title='bbox 1333 1243 1407 1266; x_wconf 89' lang='lat' dir='ltr'>cen—</span> 
     </span>
     <span class='ocr_line' id='line_1_19' title="bbox 376 1282 1406 1331; baseline 0 -13"><span class='ocrx_word' id='word_1_161' title='bbox 376 1295 445 1318; x_wconf 89' lang='lat' dir='ltr'>tum</span> <span class='ocrx_word' id='word_1_162' title='bbox 463 1283 663 1327; x_wconf 87' lang='lat' dir='ltr'>Christianis,</span> <span class='ocrx_word' id='word_1_163' title='bbox 687 1285 721 1319; x_wconf 91' lang='lat'>&amp;</span> <span class='ocrx_word' id='word_1_164' title='bbox 741 1284 829 1319; x_wconf 88' lang='lat' dir='ltr'>venit</span> <span class='ocrx_word' id='word_1_165' title='bbox 846 1296 900 1318; x_wconf 87' lang='lat' dir='ltr'>rex</span> <span class='ocrx_word' id='word_1_166' title='bbox 928 1282 1086 1319; x_wconf 87' lang='lat' dir='ltr'>Iohannes</span> <span class='ocrx_word' id='word_1_167' title='bbox 1103 1284 1138 1318; x_wconf 90' lang='lat'>&amp;</span> <span class='ocrx_word' id='word_1_168' title='bbox 1155 1283 1263 1331; x_wconf 91' lang='lat' dir='ltr'>posuit</span> <span class='ocrx_word' id='word_1_169' title='bbox 1278 1297 1355 1319; x_wconf 86' lang='lat' dir='ltr'>eum</span> <span class='ocrx_word' id='word_1_170' title='bbox 1373 1284 1406 1318; x_wconf 91' lang='lat' dir='ltr'>in</span> 
     </span>
    </p>

    <p class='ocr_par' dir='ltr' id='par_1_3' title="bbox 374 1349 465 1372">
     <span class='ocr_line' id='line_1_20' title="bbox 374 1349 465 1372; baseline 0 0"><span class='ocrx_word' id='word_1_171' title='bbox 374 1349 465 1372; x_wconf 90' lang='lat' dir='ltr'>terra.</span> 
     </span>
    </p>

    <p class='ocr_par' dir='ltr' id='par_1_4' title="bbox 374 1389 1484 1972">
     <span class='ocr_line' id='line_1_21' title="bbox 423 1389 1406 1439; baseline 0.001 -13"><span class='ocrx_word' id='word_1_172' title='bbox 423 1391 464 1426; x_wconf 91' lang='lat' dir='ltr'>X.</span> <span class='ocrx_word' id='word_1_173' title='bbox 484 1390 608 1426; x_wconf 88' lang='lat' dir='ltr'>Videns</span> <span class='ocrx_word' id='word_1_174' title='bbox 632 1403 741 1426; x_wconf 89' lang='lat' dir='ltr'>autem</span> <span class='ocrx_word' id='word_1_175' title='bbox 760 1403 814 1426; x_wconf 86' lang='lat' dir='ltr'>rex</span> <span class='ocrx_word' id='word_1_176' title='bbox 831 1390 957 1439; x_wconf 84' lang='lat' dir='ltr'>Egypti,</span> <span class='ocrx_word' id='word_1_177' title='bbox 976 1389 1068 1437; x_wconf 92' lang='lat' dir='ltr'>quod</span> <span class='ocrx_word' id='word_1_178' title='bbox 1086 1389 1209 1425; x_wconf 52' lang='lat' dir='ltr'>factum</span> <span class='ocrx_word' id='word_1_179' title='bbox 1226 1390 1319 1425; x_wconf 90' lang='lat' dir='ltr'>suum</span> <span class='ocrx_word' id='word_1_180' title='bbox 1337 1403 1406 1427; x_wconf 92' lang='lat' dir='ltr'>non</span> 
     </span>
     <span class='ocr_line' id='line_1_22' title="bbox 374 1442 1406 1493; baseline 0.001 -14"><span class='ocrx_word' id='word_1_181' title='bbox 374 1443 513 1488; x_wconf 85' lang='lat' dir='ltr'>valebat,</span> <span class='ocrx_word' id='word_1_182' title='bbox 525 1445 630 1480; x_wconf 89' lang='lat' dir='ltr'>statuit</span> <span class='ocrx_word' id='word_1_183' title='bbox 652 1444 746 1492; x_wconf 88' lang='lat' dir='ltr'>super</span> <span class='ocrx_word' id='word_1_184' title='bbox 764 1457 823 1479; x_wconf 90' lang='lat' dir='ltr'>nos</span> <span class='ocrx_word' id='word_1_185' title='bbox 835 1443 933 1492; x_wconf 85' lang='lat' dir='ltr'>[non]</span> <span class='ocrx_word' id='word_1_186' title='bbox 945 1444 1065 1488; x_wconf 87' lang='lat' dir='ltr'>venire,</span> <span class='ocrx_word' id='word_1_187' title='bbox 1081 1442 1134 1478; x_wconf 87' lang='lat' dir='ltr'>sed</span> <span class='ocrx_word' id='word_1_188' title='bbox 1148 1444 1285 1480; x_wconf 89' lang='lat' dir='ltr'>munivit</span> <span class='ocrx_word' id='word_1_189' title='bbox 1301 1445 1406 1493; x_wconf 88' lang='lat' dir='ltr'>ripam</span> 
     </span>
     <span class='ocr_line' id='line_1_23' title="bbox 375 1495 1406 1545; baseline 0.002 -13"><span class='ocrx_word' id='word_1_190' title='bbox 375 1495 517 1532; x_wconf 74' lang='lat' dir='ltr'>fluminis</span> <span class='ocrx_word' id='word_1_191' title='bbox 531 1511 570 1532; x_wconf 83' lang='lat' dir='ltr'>ex</span> <span class='ocrx_word' id='word_1_192' title='bbox 585 1510 675 1545; x_wconf 91' lang='lat' dir='ltr'>parte</span> <span class='ocrx_word' id='word_1_193' title='bbox 691 1498 744 1532; x_wconf 90' lang='lat' dir='ltr'>sua</span> <span class='ocrx_word' id='word_1_194' title='bbox 757 1498 791 1532; x_wconf 90' lang='lat'>&amp;</span> <span class='ocrx_word' id='word_1_195' title='bbox 804 1497 912 1545; x_wconf 91' lang='lat' dir='ltr'>posuit</span> <span class='ocrx_word' id='word_1_196' title='bbox 921 1495 965 1531; x_wconf 89' lang='lat' dir='ltr'>ibi</span> <span class='ocrx_word' id='word_1_197' title='bbox 979 1497 1133 1544; x_wconf 88' lang='lat' dir='ltr'>petrarias</span> <span class='ocrx_word' id='word_1_198' title='bbox 1145 1496 1180 1530; x_wconf 91' lang='lat'>&amp;</span> <span class='ocrx_word' id='word_1_199' title='bbox 1193 1497 1291 1532; x_wconf 88' lang='lat' dir='ltr'>erexit</span> <span class='ocrx_word' id='word_1_200' title='bbox 1304 1498 1406 1534; x_wconf 87' lang='lat' dir='ltr'>multa</span> 
     </span>
     <span class='ocr_line' id='line_1_24' title="bbox 377 1549 1405 1599; baseline 0.003 -15"><span class='ocrx_word' id='word_1_201' title='bbox 377 1550 476 1585; x_wconf 87' lang='lat' dir='ltr'>castra</span> <span class='ocrx_word' id='word_1_202' title='bbox 489 1552 523 1585; x_wconf 92' lang='lat'>&amp;</span> <span class='ocrx_word' id='word_1_203' title='bbox 540 1551 614 1586; x_wconf 90' lang='lat' dir='ltr'>fecit</span> <span class='ocrx_word' id='word_1_204' title='bbox 631 1551 771 1586; x_wconf 91' lang='lat' dir='ltr'>construi</span> <span class='ocrx_word' id='word_1_205' title='bbox 789 1549 950 1599; x_wconf 84' lang='lat' dir='ltr'>grandem</span> <span class='ocrx_word' id='word_1_206' title='bbox 969 1561 1107 1597; x_wconf 89' lang='lat' dir='ltr'>pontem</span> <span class='ocrx_word' id='word_1_207' title='bbox 1124 1550 1157 1584; x_wconf 91' lang='lat' dir='ltr'>in</span> <span class='ocrx_word' id='word_1_208' title='bbox 1172 1550 1282 1585; x_wconf 84' lang='lat' dir='ltr'>medio</span> <span class='ocrx_word' id='word_1_209' title='bbox 1298 1550 1405 1587; x_wconf 90' lang='lat' dir='ltr'>flumi-</span> 
     </span>
     <span class='ocr_line' id='line_1_25' title="bbox 375 1602 1484 1653; baseline 0.005 -16"><span class='ocrx_word' id='word_1_210' title='bbox 375 1604 434 1647; x_wconf 93' lang='lat' dir='ltr'>nis,</span> <span class='ocrx_word' id='word_1_211' title='bbox 452 1605 486 1639; x_wconf 90' lang='lat'>&amp;</span> <span class='ocrx_word' id='word_1_212' title='bbox 507 1604 573 1639; x_wconf 90' lang='lat' dir='ltr'>iam</span> <span class='ocrx_word' id='word_1_213' title='bbox 592 1603 715 1639; x_wconf 91' lang='lat' dir='ltr'>sublata</span> <span class='ocrx_word' id='word_1_214' title='bbox 733 1615 800 1639; x_wconf 90' lang='lat' dir='ltr'>erat</span> <span class='ocrx_word' id='word_1_215' title='bbox 817 1602 915 1639; x_wconf 90' lang='lat' dir='ltr'>nobis</span> <span class='ocrx_word' id='word_1_216' title='bbox 935 1604 1006 1651; x_wconf 91' lang='lat' dir='ltr'>spes</span> <span class='ocrx_word' id='word_1_217' title='bbox 1025 1602 1166 1638; x_wconf 88' lang='lat' dir='ltr'>intrandi</span> <span class='ocrx_word' id='word_1_218' title='bbox 1187 1604 1220 1638; x_wconf 92' lang='lat' dir='ltr'>in</span> <span class='ocrx_word' id='word_1_219' title='bbox 1234 1603 1404 1653; x_wconf 81' lang='lat' dir='ltr'>Egyptum.</span> <span class='ocrx_word' id='word_1_220' title='bbox 1419 1611 1435 1635; x_wconf 86' lang='lat' dir='ltr'>f·</span> <span class='ocrx_word' id='word_1_221' title='bbox 1448 1618 1484 1642; x_wconf 83' lang='lat'>30-</span> 
     </span>
     <span class='ocr_line' id='line_1_26' title="bbox 374 1657 1405 1705; baseline 0.001 -13"><span class='ocrx_word' id='word_1_222' title='bbox 374 1657 469 1692; x_wconf 91' lang='lat' dir='ltr'>Tunc</span> <span class='ocrx_word' id='word_1_223' title='bbox 496 1657 538 1692; x_wconf 91' lang='lat' dir='ltr'>ad</span> <span class='ocrx_word' id='word_1_224' title='bbox 563 1657 659 1692; x_wconf 88' lang='lat' dir='ltr'>instar</span> <span class='ocrx_word' id='word_1_225' title='bbox 686 1657 867 1692; x_wconf 85' lang='lat' dir='ltr'>Israhelitici</span> <span class='ocrx_word' id='word_1_226' title='bbox 884 1657 1011 1705; x_wconf 85' lang='lat' dir='ltr'>populi,</span> <span class='ocrx_word' id='word_1_227' title='bbox 1041 1657 1227 1692; x_wconf 91' lang='lat' dir='ltr'>christianus</span> <span class='ocrx_word' id='word_1_228' title='bbox 1250 1658 1405 1693; x_wconf 88' lang='lat' dir='ltr'>exercitus</span> 
     </span>
     <span class='ocr_line' id='line_1_27' title="bbox 375 1709 1406 1759; baseline 0.002 -15"><span class='ocrx_word' id='word_1_229' title='bbox 375 1711 589 1747; x_wconf 90' lang='lat' dir='ltr'>murmuravit</span> <span class='ocrx_word' id='word_1_230' title='bbox 606 1723 722 1746; x_wconf 90' lang='lat' dir='ltr'>contra</span> <span class='ocrx_word' id='word_1_231' title='bbox 739 1711 885 1759; x_wconf 89' lang='lat' dir='ltr'>legatum</span> <span class='ocrx_word' id='word_1_232' title='bbox 902 1711 936 1745; x_wconf 74' lang='grc' dir='ltr'>δε</span> <span class='ocrx_word' id='word_1_233' title='bbox 953 1711 1116 1758; x_wconf 87' lang='lat' dir='ltr'>principes</span> <span class='ocrx_word' id='word_1_234' title='bbox 1135 1709 1296 1746; x_wconf 88' lang='lat' dir='ltr'>dicentes:</span> <span class='ocrx_word' id='word_1_235' title='bbox 1321 1711 1406 1746; x_wconf 86' lang='lat' dir='ltr'>CUR</span> 
     </span>
     <span class='ocr_line' id='line_1_28' title="bbox 378 1767 1407 1811; baseline 0.001 -13"><span class='ocrx_word' id='word_1_236' title='bbox 378 1773 559 1799; x_wconf 88' lang='lat' dir='ltr'>EDUXISTI</span> <span class='ocrx_word' id='word_1_237' title='bbox 585 1774 653 1800; x_wconf 84' lang='lat' dir='ltr'>NOS</span> <span class='ocrx_word' id='word_1_238' title='bbox 679 1768 710 1799; x_wconf 85' lang='lat' dir='ltr'>in</span> <span class='ocrx_word' id='word_1_239' title='bbox 732 1778 841 1800; x_wconf 80' lang='lat' dir='ltr'>terram</span> <span class='ocrx_word' id='word_1_240' title='bbox 869 1767 992 1811; x_wconf 78' lang='lat' dir='ltr'>Egypri,</span> <span class='ocrx_word' id='word_1_241' title='bbox 1020 1773 1075 1800; x_wconf 87' lang='lat' dir='ltr'>UT</span> <span class='ocrx_word' id='word_1_242' title='bbox 1102 1773 1348 1800; x_wconf 86' lang='lat' dir='ltr'>MOREREMUR</span> <span class='ocrx_word' id='word_1_243' title='bbox 1367 1773 1407 1799; x_wconf 89' lang='lat' dir='ltr'>IN</span> 
     </span>
     <span class='ocr_line' id='line_1_29' title="bbox 378 1818 1407 1857; baseline 0.002 -6"><span class='ocrx_word' id='word_1_244' title='bbox 378 1826 458 1852; x_wconf 87' lang='lat' dir='ltr'>HAC</span> <span class='ocrx_word' id='word_1_245' title='bbox 478 1820 730 1854; x_wconf 86' lang='lat' dir='ltr'>SOLITUDINE?</span> <span class='ocrx_word' id='word_1_246' title='bbox 754 1818 940 1857; x_wconf 81' lang='lat' dir='ltr'><strong>NUMQUID</strong></span> <span class='ocrx_word' id='word_1_247' title='bbox 959 1826 1037 1852; x_wconf 91' lang='lat' dir='ltr'>NON</span> <span class='ocrx_word' id='word_1_248' title='bbox 1056 1826 1166 1852; x_wconf 86' lang='lat' dir='ltr'>ERAT</span> <span class='ocrx_word' id='word_1_249' title='bbox 1183 1826 1407 1853; x_wconf 84' lang='lat' dir='ltr'>SEPULTURA</span> 
     </span>
     <span class='ocr_line' id='line_1_30' title="bbox 376 1870 1409 1919; baseline 0 -15"><span class='ocrx_word' id='word_1_250' title='bbox 376 1879 415 1905; x_wconf 87' lang='lat' dir='ltr'>IN</span> <span class='ocrx_word' id='word_1_251' title='bbox 443 1880 632 1907; x_wconf 81' lang='lat' dir='ltr'>PARTIBus</span> <span class='ocrx_word' id='word_1_252' title='bbox 650 1873 826 1906; x_wconf 76' lang='lat' dir='ltr'>Nos‘rlus?</span> <span class='ocrx_word' id='word_1_253' title='bbox 854 1870 980 1918; x_wconf 79' lang='lat' dir='ltr'>(Exod,</span> <span class='ocrx_word' id='word_1_254' title='bbox 1002 1881 1077 1916; x_wconf 79' lang='lat' dir='ltr'>xw,</span> <span class='ocrx_word' id='word_1_255' title='bbox 1106 1871 1236 1919; x_wconf 85' lang='lat'>11-12.)</span> <span class='ocrx_word' id='word_1_256' title='bbox 1264 1874 1338 1906; x_wconf 84' lang='lat' dir='ltr'>Ecce</span> <span class='ocrx_word' id='word_1_257' title='bbox 1359 1873 1409 1905; x_wconf 84' lang='lat' dir='ltr'>hic</span> 
     </span>
     <span class='ocr_line' id='line_1_31' title="bbox 376 1924 1302 1972; baseline 0.001 -14"><span class='ocrx_word' id='word_1_258' title='bbox 376 1927 435 1967; x_wconf 79' lang='lat' dir='ltr'>(ine</span> <span class='ocrx_word' id='word_1_259' title='bbox 452 1925 531 1959; x_wconf 85' lang='lat' dir='ltr'>bello</span> <span class='ocrx_word' id='word_1_260' title='bbox 549 1928 694 1959; x_wconf 86' lang='lat' dir='ltr'>morimur</span> <span class='ocrx_word' id='word_1_261' title='bbox 710 1924 740 1958; x_wconf 74' lang='grc' dir='ltr'>δ’</span> <span class='ocrx_word' id='word_1_262' title='bbox 757 1929 830 1970; x_wconf 80' lang='lat' dir='ltr'>ficut</span> <span class='ocrx_word' id='word_1_263' title='bbox 847 1938 933 1959; x_wconf 84' lang='lat' dir='ltr'>canes</span> <span class='ocrx_word' id='word_1_264' title='bbox 952 1928 982 1959; x_wconf 86' lang='lat' dir='ltr'>in</span> <span class='ocrx_word' id='word_1_265' title='bbox 991 1926 1103 1972; x_wconf 80' lang='lat' dir='ltr'>sabulo</span> <span class='ocrx_word' id='word_1_266' title='bbox 1112 1926 1302 1972; x_wconf 82' lang='lat' dir='ltr'>sepelimur!</span> 
     </span>
    </p>

    <p class='ocr_par' dir='ltr' id='par_1_5' title="bbox 376 1976 1407 2078">
     <span class='ocr_line' id='line_1_32' title="bbox 424 1976 1406 2026; baseline 0.001 -15"><span class='ocrx_word' id='word_1_267' title='bbox 424 1977 478 2011; x_wconf 88' lang='grc' dir='ltr'>ΧΙ.</span> <span class='ocrx_word' id='word_1_268' title='bbox 499 1977 552 2012; x_wconf 78' lang='lat' dir='ltr'>Ad</span> <span class='ocrx_word' id='word_1_269' title='bbox 572 1978 632 2012; x_wconf 90' lang='lat' dir='ltr'>hec</span> <span class='ocrx_word' id='word_1_270' title='bbox 650 1978 797 2025; x_wconf 91' lang='lat' dir='ltr'>precepit</span> <span class='ocrx_word' id='word_1_271' title='bbox 815 1976 968 2012; x_wconf 90' lang='lat' dir='ltr'>dominus</span> <span class='ocrx_word' id='word_1_272' title='bbox 986 1978 1111 2026; x_wconf 90' lang='lat' dir='ltr'>legatus</span> <span class='ocrx_word' id='word_1_273' title='bbox 1129 1977 1316 2014; x_wconf 88' lang='lat' dir='ltr'>triduanum</span> <span class='ocrx_word' id='word_1_274' title='bbox 1329 1978 1406 2012; x_wconf 91' lang='lat' dir='ltr'>ieiu-</span> 
     </span>
     <span class='ocr_line' id='line_1_33' title="bbox 376 2029 1407 2078; baseline 0.001 -14"><span class='ocrx_word' id='word_1_275' title='bbox 376 2030 468 2065; x_wconf 89' lang='lat' dir='ltr'>nium</span> <span class='ocrx_word' id='word_1_276' title='bbox 485 2029 553 2065; x_wconf 90' lang='lat' dir='ltr'>fieri</span> <span class='ocrx_word' id='word_1_277' title='bbox 569 2031 603 2065; x_wconf 90' lang='lat' dir='ltr'>in</span> <span class='ocrx_word' id='word_1_278' title='bbox 618 2043 703 2078; x_wconf 89' lang='lat' dir='ltr'>pane</span> <span class='ocrx_word' id='word_1_279' title='bbox 717 2032 752 2066; x_wconf 89' lang='lat'>&amp;</span> <span class='ocrx_word' id='word_1_280' title='bbox 769 2043 865 2078; x_wconf 87' lang='lat' dir='ltr'>aqua,</span> <span class='ocrx_word' id='word_1_281' title='bbox 885 2032 919 2066; x_wconf 79' lang='grc' dir='ltr'>ἀ</span> <span class='ocrx_word' id='word_1_282' title='bbox 943 2031 988 2066; x_wconf 89' lang='lat' dir='ltr'>ite</span> <span class='ocrx_word' id='word_1_283' title='bbox 1014 2030 1215 2066; x_wconf 88' lang='lat' dir='ltr'>discalciatos</span> <span class='ocrx_word' id='word_1_284' title='bbox 1234 2030 1276 2066; x_wconf 90' lang='lat' dir='ltr'>ad</span> <span class='ocrx_word' id='word_1_285' title='bbox 1295 2043 1407 2067; x_wconf 87' lang='lat' dir='ltr'>veram</span> 
     </span>
    </p>
   </div>
   <div class='ocr_carea' id='block_1_3' title="bbox 415 2143 666 2170">
    <p class='ocr_par' dir='ltr' id='par_1_6' title="bbox 415 2143 666 2170">
     <span class='ocr_line' id='line_1_34' title="bbox 415 2143 666 2170; baseline -0.004 0"><span class='ocrx_word' id='word_1_286' title='bbox 415 2152 424 2167; x_wconf 87' lang='lat'>1</span> <span class='ocrx_word' id='word_1_287' title='bbox 444 2145 500 2170; x_wconf 77' lang='lat' dir='ltr'><em>Cod.</em></span> <span class='ocrx_word' id='word_1_288' title='bbox 515 2143 666 2169; x_wconf 81' lang='lat' dir='ltr'>laudantem.</span> 
     </span>
    </p>
   </div>
  </div>
 </body>
</html>
