1624 2788
81 1095 261 1125 Af.⁶42,c.1.

497 237 548 263 DE
573 237 858 264 PREDICACIONE
883 239 907 265 S.
934 239 1075 266 CRUCIS.
1259 239 1299 279 23

278 347 313 381 &
325 345 435 381 adhuc
446 346 594 390 vincitur,
608 345 663 380 sed
680 362 696 377 e·
709 350 780 392 quia
785 349 869 391 fides
874 351 939 394 fine
951 349 1091 394 operibus
1102 361 1219 383 mortua
1237 351 1301 394 est„

278 401 366 446 (lac.,
397 409 452 442 111,
484 400 552 445 16),
579 398 655 434 ideo
681 399 830 435 additur:
857 413 888 435 ut
906 402 1095 448 signaculum
1116 403 1212 448 super
1235 404 1303 436 bra-

277 456 375 488 chium
391 466 483 497 tuum,
504 452 569 487 hoc
586 453 629 488 est
647 453 738 501 super
755 466 838 501 opus
858 466 957 489 tuum.
973 454 1041 488 Esto
1056 455 1152 502 igitur
1163 456 1303 503 peregri-

277 519 347 550 nus,
367 506 510 553 sequere,
525 522 543 537 c<
555 510 626 552 quia
635 509 735 552 fortis
748 510 796 552 est,
815 521 846 542 ut
863 521 952 550 mors,
969 509 1094 543 dileccio
1106 524 1123 539 υ
1144 509 1302 553 (Cantic.,

276 569 353 598 VIII,
375 559 426 605 6),
440 560 516 606 quia
533 558 612 594 dicit
629 560 801 604 Dominus,
817 573 884 595 tam
898 561 987 595 fortis
1001 561 1055 605 est,
1069 574 1136 596 erat
1153 561 1301 606 dileccio,

277 626 342 660 qua
359 625 401 657 te,
420 625 584 660 peccator,
603 614 719 657 amavi,
734 613 825 660 quod
843 615 911 661 ipsa
927 615 1072 649 animam
1085 629 1192 650 meam
1211 616 1299 663 sepa-

276 667 357 701 ravit
369 679 388 700 a
401 678 552 714 corpore,
565 668 600 701 &
613 679 679 700 non
695 666 783 705 aliud
798 667 873 701 facit
887 680 985 711 mors,
999 680 1099 714 quam
1112 667 1188 703 illud
1200 667 1300 714 idem,

277 720 406 766 quia,ut
415 719 586 754 redimeret
599 732 630 754 te
643 719 686 754 ad
699 720 811 764 vitam,
826 720 943 755 sustulit
956 721 1197 766 mortem310h.,
1206 723 1300 756 tertio

275 773 381 820 capite
395 789 403 807 :
419 789 436 804 υ
444 775 478 807 In
493 776 549 807 hoc
561 777 755 819 cognovimus
769 778 920 808 caritatem
935 777 1009 818 Dei,
1019 778 1155 820 quoniam
1170 776 1224 809 ille
1235 779 1300 810 ani-

275 840 352 860 mam
362 828 452 873 suam
463 840 524 872 pro
541 828 629 861 nobis
640 828 746 873 posuit
762 842 779 857 υ
799 828 832 871 (1
855 829 976 871 mann„
990 837 1043 872 111,
1061 827 1110 873 6).
1140 828 1246 862 Tanta
1265 827 1301 863 fit

275 891 355 926 ergo
378 878 549 914 dileelacio
578 891 632 914 tua
655 879 696 914 ad
721 879 896 923 Christum,
923 879 1016 927 quod
1046 881 1112 928 ipsa
1141 882 1300 928 separaret

274 933 418 966 animam
435 945 523 967 tuam
549 945 568 966 a
586 932 771 967 carnalitate
788 934 822 967 δε
841 933 962 968 deliciis
985 935 1098 978 carnis,
1117 933 1193 969 ficut
1211 947 1300 969 mors

274 986 419 1020 animam
435 985 561 1033 separat
577 999 595 1020 a
613 998 762 1033 corpore.
797 987 897 1034 Surge
915 1000 994 1035 ergo
1015 988 1048 1022 &
1070 988 1202 1034 sequere
1229 1001 1300 1035 pre-

274 1051 407 1086 ceptum
431 1039 568 1073 Domini
589 1040 623 1074 &
644 1038 767 1074 assume
790 1038 989 1087 signaculum
1008 1041 1160 1085 Domini,
1181 1041 1300 1076 scilicet

275 1104 406 1126 crucem
423 1092 503 1126 &in
521 1091 621 1126 corde
633 1093 668 1126 ὅ(
685 1093 717 1126 in
732 1105 841 1140 opere,
854 1094 888 1127 ὃ(
904 1093 1019 1128 offeras
1038 1094 1112 1128 Deo
1129 1106 1247 1142 corpus
1265 1096 1300 1129 &

275 1145 432 1190 animam,
450 1158 514 1192 que
532 1147 598 1192 lple
616 1144 673 1180 tibi
692 1145 840 1182 tradidit!

326 1201 424 1233 Item:
445 1198 606 1245 Qamvis
620 1211 747 1233 acetum
765 1197 800 1233 fit
812 1212 972 1244 amarum,
991 1212 1100 1235 tamen
1119 1200 1225 1235 reddit
1237 1200 1298 1236 bo-

275 1264 354 1286 num
372 1252 519 1299 saporem
537 1251 622 1295 salse,
636 1250 677 1286 fic
694 1253 728 1286 &
745 1252 846 1300 paffio
862 1253 1009 1297 Domini,
1023 1254 1170 1300 quamvis
1188 1267 1298 1289 amara

273 1302 320 1347 fit,
347 1317 456 1339 tamen
474 1304 540 1351 ipsa
557 1317 615 1351 per
631 1304 888 1352 compaffionem
907 1305 1054 1340 dulcorat
1073 1307 1297 1354 cogitaciones

274 1357 396 1392 nostras
413 1359 447 1392 &
463 1357 627 1392 sermones
640 1359 674 1392 &
687 1370 787 1405 opera
804 1360 838 1393 δε
858 1357 963 1393 reddit
980 1359 1024 1393 eis
1041 1359 1201 1406 saporem,
1222 1361 1297 1406 quia

274 1409 534 1445 dileeiacionem.
554 1410 588 1444 Et
605 1409 682 1445 ficut
699 1424 828 1446 acetum
847 1412 891 1446 est
909 1413 1144 1458 penetrativum
1162 1414 1196 1448 ὅ(
1213 1426 1297 1461 pun-

273 1464 423 1512 gitivum,
436 1462 477 1498 fic
490 1463 590 1511 paffio
605 1464 743 1499 Domini
757 1476 904 1512 penetrat
917 1464 997 1499 dura
1009 1464 1110 1500 corda
1123 1466 1297 1501 hominum

273 1518 308 1551 &
324 1517 442 1565 pungit
464 1529 522 1564 per
539 1516 806 1564 compaffionem.
838 1518 1047 1566 Compateris
1070 1532 1149 1567 ergo
1167 1519 1296 1554 Christo

274 1570 418 1605 existenti
434 1570 466 1603 in
482 1581 575 1604 cruce
593 1570 627 1604 ὃ(
646 1568 780 1604 dulcora
798 1583 899 1617 opera
916 1583 970 1606 tua
988 1584 1045 1619 per
1061 1573 1161 1607 crucis
1181 1573 1296 1607 amari-

274 1621 432 1666 tudinem,
450 1634 484 1656 ut
502 1634 534 1656 tu
553 1621 671 1657 habeas
691 1621 898 1658 dulcedinem
911 1626 1078 1660 eternam!

323 1675 418 1709 ltem:
437 1675 570 1710 Didium
588 1675 632 1710 est
656 1675 743 1710 losue
761 1676 846 1721 (1011,
860 1686 938 1720 VIII,
960 1676 1017 1720 18)
1032 1677 1105 1724 post
1121 1675 1294 1712 subverfio-

273 1739 350 1762 nem
366 1727 500 1763 Iericho:
511 1744 529 1759 ιι
538 1730 612 1763 Leva
625 1729 762 1774 clipeum,
773 1733 826 1774 qui
836 1732 866 1764 in
875 1743 960 1764 manu
974 1742 1024 1764 ma
1034 1733 1180 1775 estcomra
1195 1732 1293 1766 urbem

272 1781 355 1814 Hui!
366 1796 384 1811 υ
405 1780 552 1827 Quidam
566 1781 687 1829 clipeus
701 1782 743 1816 est
758 1781 926 1826 rotundus,
943 1781 984 1817 sic
997 1784 1031 1817 &
1044 1781 1179 1830 quilibet
1191 1783 1293 1819 fidelis

272 1831 403 1868 habebit
420 1846 580 1868 coronam
597 1835 631 1870 in
649 1834 732 1878 celo,
747 1833 838 1881 quod
857 1834 1050 1883 significatur
1063 1849 1120 1884 per
1132 1849 1292 1872 coronam

272 1885 409 1931 Christi3
429 1886 563 1933 quidam
581 1887 702 1935 clipeus
722 1887 819 1922 habet
843 1900 983 1935 quatuor
999 1889 1147 1937 angulos,
1165 1888 1243 1925 ficut
1259 1892 1293 1925 &

272 1951 358 1974 crux.
372 1939 546 1986 Supremus
559 1940 696 1988 angulus
711 1940 754 1975 est
768 1939 860 1985 fides,
874 1954 939 1988 qua
953 1942 1113 1977 tendimus
1126 1943 1158 1977 in
1174 1943 1293 1987 Deum,

272 1992 328 2039 qui
346 1992 390 2027 est
408 2008 426 2023 «
443 1996 527 2039 ignis
542 1996 712 2041 consumens
729 2010 746 2025 u
777 1995 985 2039 (Deuteron,
1002 2004 1051 2039 IV,
1069 1996 1129 2043 24)
1146 2008 1292 2044 peccata,

271 2043 348 2079 ficut
365 2046 447 2093 ignis
465 2046 626 2081 consumit
643 2046 804 2094 stuppam,
821 2048 855 2082 δε
874 2048 949 2094 quia
966 2047 1010 2082 est
1028 2047 1192 2096 supernuS,
1215 2048 1291 2083 ideo

271 2096 386 2133 dicitur
400 2114 418 2131 <r
426 2101 547 2147 sursum
565 2101 654 2135 corda
667 2115 685 2131 n
707 2099 795 2147 (los.‚
814 2110 852 2146 11,
871 2102 940 2147 11).
957 2100 1085 2136 infimus
1097 2101 1234 2150 angulus
1247 2102 1291 2137 est
