<?xml version="1.0" encoding="UTF-8"?>
<!DOCTYPE html PUBLIC "-//W3C//DTD XHTML 1.0 Transitional//EN"
    "http://www.w3.org/TR/xhtml1/DTD/xhtml1-transitional.dtd">
<html xmlns="http://www.w3.org/1999/xhtml" xml:lang="en" lang="en">
 <head>
  <title>
</title>
<meta http-equiv="Content-Type" content="text/html;charset=utf-8" />
  <meta name='ocr-system' content='tesseract 3.04.00' />
  <meta name='ocr-capabilities' content='ocr_page ocr_carea ocr_par ocr_line ocrx_word'/>
</head>
<body>
  <div class='ocr_page' id='page_1' title='image "./quintibellisacri00rhuoft_0066.png"; bbox 0 0 1624 2788; ppageno 0'>
   <div class='ocr_carea' id='block_1_1' title="bbox 328 280 953 307">
    <p class='ocr_par' dir='ltr' id='par_1_1' title="bbox 328 280 953 307">
     <span class='ocr_line' id='line_1_1' title="bbox 328 280 953 307; baseline 0 -1"><span class='ocrx_word' id='word_1_1' title='bbox 328 284 339 306; x_wconf 86' lang='lat'>1</span> <span class='ocrx_word' id='word_1_2' title='bbox 346 283 369 306; x_wconf 92' lang='grc' dir='ltr'>Ο</span> <span class='ocrx_word' id='word_1_3' title='bbox 738 280 953 307; x_wconf 87' lang='lat' dir='ltr'>ORDINACIO</span> 
     </span>
    </p>
   </div>
   <div class='ocr_carea' id='block_1_2' title="bbox 324 339 1120 347">
    <p class='ocr_par' dir='ltr' id='par_1_2' title="bbox 324 339 1120 347">
     <span class='ocr_line' id='line_1_2' title="bbox 324 339 1120 347; baseline 0 0"><span class='ocrx_word' id='word_1_4' title='bbox 324 339 1120 347; x_wconf 95' lang='lat' dir='ltr'> </span> 
     </span>
    </p>
   </div>
   <div class='ocr_carea' id='block_1_3' title="bbox 302 388 1552 2151">
    <p class='ocr_par' dir='ltr' id='par_1_3' title="bbox 318 388 1352 491">
     <span class='ocr_line' id='line_1_3' title="bbox 319 388 1352 437; baseline 0.001 -14"><span class='ocrx_word' id='word_1_5' title='bbox 319 390 353 423; x_wconf 70' lang='grc' dir='ltr'>ὃ(</span> <span class='ocrx_word' id='word_1_6' title='bbox 371 401 467 436; x_wconf 88' lang='lat' dir='ltr'>pena,</span> <span class='ocrx_word' id='word_1_7' title='bbox 495 389 571 435; x_wconf 89' lang='lat' dir='ltr'>quia</span> <span class='ocrx_word' id='word_1_8' title='bbox 597 389 630 423; x_wconf 89' lang='lat' dir='ltr'>in</span> <span class='ocrx_word' id='word_1_9' title='bbox 649 388 817 434; x_wconf 66' lang='lat' dir='ltr'>divisione,</span> <span class='ocrx_word' id='word_1_10' title='bbox 848 389 945 436; x_wconf 87' lang='lat' dir='ltr'>culpa</span> <span class='ocrx_word' id='word_1_11' title='bbox 968 390 1001 424; x_wconf 92' lang='lat' dir='ltr'>in</span> <span class='ocrx_word' id='word_1_12' title='bbox 1027 388 1184 425; x_wconf 85' lang='lat' dir='ltr'>divisione</span> <span class='ocrx_word' id='word_1_13' title='bbox 1204 389 1352 437; x_wconf 85' lang='lat' dir='ltr'>parcium</span> 
     </span>
     <span class='ocr_line' id='line_1_4' title="bbox 318 441 1115 491; baseline 0.001 -15"><span class='ocrx_word' id='word_1_14' title='bbox 318 443 425 491; x_wconf 90' lang='lat' dir='ltr'>pomi,</span> <span class='ocrx_word' id='word_1_15' title='bbox 444 455 531 489; x_wconf 87' lang='lat' dir='ltr'>pena</span> <span class='ocrx_word' id='word_1_16' title='bbox 547 442 579 476; x_wconf 92' lang='lat' dir='ltr'>in</span> <span class='ocrx_word' id='word_1_17' title='bbox 600 441 759 478; x_wconf 83' lang='lat' dir='ltr'>divisione</span> <span class='ocrx_word' id='word_1_18' title='bbox 776 443 923 490; x_wconf 83' lang='lat' dir='ltr'>corporis</span> <span class='ocrx_word' id='word_1_19' title='bbox 941 444 975 477; x_wconf 74' lang='grc' dir='ltr'>ὅ(</span> <span class='ocrx_word' id='word_1_20' title='bbox 996 443 1115 478; x_wconf 87' lang='lat' dir='ltr'>anime.</span> 
     </span>
    </p>

    <p class='ocr_par' dir='ltr' id='par_1_4' title="bbox 318 495 1352 652">
     <span class='ocr_line' id='line_1_5' title="bbox 368 495 1352 542; baseline 0.001 -12"><span class='ocrx_word' id='word_1_21' title='bbox 368 498 464 530; x_wconf 88' lang='lat' dir='ltr'>Item:</span> <span class='ocrx_word' id='word_1_22' title='bbox 493 496 563 542; x_wconf 80' lang='lat' dir='ltr'>Qui</span> <span class='ocrx_word' id='word_1_23' title='bbox 581 495 727 531; x_wconf 86' lang='lat' dir='ltr'>comedit</span> <span class='ocrx_word' id='word_1_24' title='bbox 749 510 817 531; x_wconf 88' lang='lat' dir='ltr'>rem</span> <span class='ocrx_word' id='word_1_25' title='bbox 838 497 1050 542; x_wconf 72' lang='lat' dir='ltr'>venenosam,</span> <span class='ocrx_word' id='word_1_26' title='bbox 1076 497 1161 531; x_wconf 87' lang='lat' dir='ltr'>mori</span> <span class='ocrx_word' id='word_1_27' title='bbox 1183 495 1292 538; x_wconf 90' lang='lat' dir='ltr'>debet,</span> <span class='ocrx_word' id='word_1_28' title='bbox 1317 498 1352 531; x_wconf 91' lang='lat'>&amp;</span> 
     </span>
     <span class='ocr_line' id='line_1_6' title="bbox 318 549 1352 598; baseline 0.002 -15"><span class='ocrx_word' id='word_1_29' title='bbox 318 549 428 583; x_wconf 79' lang='lat' dir='ltr'>Adam</span> <span class='ocrx_word' id='word_1_30' title='bbox 447 551 481 584; x_wconf 92' lang='lat'>&amp;</span> <span class='ocrx_word' id='word_1_31' title='bbox 505 549 566 585; x_wconf 83' lang='lat' dir='ltr'>Eva</span> <span class='ocrx_word' id='word_1_32' title='bbox 585 549 801 585; x_wconf 83' lang='lat' dir='ltr'>comederunt</span> <span class='ocrx_word' id='word_1_33' title='bbox 821 563 962 598; x_wconf 89' lang='lat' dir='ltr'>pomum</span> <span class='ocrx_word' id='word_1_34' title='bbox 979 550 1023 585; x_wconf 90' lang='lat' dir='ltr'>eis</span> <span class='ocrx_word' id='word_1_35' title='bbox 1041 551 1253 595; x_wconf 87' lang='lat' dir='ltr'>venenosum,</span> <span class='ocrx_word' id='word_1_36' title='bbox 1275 550 1352 597; x_wconf 84' lang='lat' dir='ltr'>quia</span> 
     </span>
     <span class='ocr_line' id='line_1_7' title="bbox 318 602 1261 652; baseline 0.002 -16"><span class='ocrx_word' id='word_1_37' title='bbox 318 615 433 637; x_wconf 85' lang='lat' dir='ltr'>contra</span> <span class='ocrx_word' id='word_1_38' title='bbox 452 603 515 637; x_wconf 90' lang='lat' dir='ltr'>Dei</span> <span class='ocrx_word' id='word_1_39' title='bbox 533 615 736 651; x_wconf 84' lang='lat' dir='ltr'>preceptum,</span> <span class='ocrx_word' id='word_1_40' title='bbox 756 616 836 652; x_wconf 85' lang='lat' dir='ltr'>ergo</span> <span class='ocrx_word' id='word_1_41' title='bbox 855 602 981 638; x_wconf 72' lang='lat' dir='ltr'>necesse</span> <span class='ocrx_word' id='word_1_42' title='bbox 1001 603 1072 648; x_wconf 86' lang='lat' dir='ltr'>fuit,</span> <span class='ocrx_word' id='word_1_43' title='bbox 1091 617 1148 639; x_wconf 91' lang='lat' dir='ltr'>eos</span> <span class='ocrx_word' id='word_1_44' title='bbox 1168 605 1261 639; x_wconf 84' lang='lat' dir='ltr'>mori.</span> 
     </span>
    </p>

    <p class='ocr_par' dir='ltr' id='par_1_5' title="bbox 317 655 1351 811">
     <span class='ocr_line' id='line_1_8' title="bbox 369 655 1351 704; baseline 0.002 -14"><span class='ocrx_word' id='word_1_45' title='bbox 369 658 463 691; x_wconf 86' lang='lat' dir='ltr'>Item:</span> <span class='ocrx_word' id='word_1_46' title='bbox 480 659 512 690; x_wconf 80' lang='lat' dir='ltr'>{n</span> <span class='ocrx_word' id='word_1_47' title='bbox 528 655 685 692; x_wconf 84' lang='lat' dir='ltr'>divifione</span> <span class='ocrx_word' id='word_1_48' title='bbox 699 657 792 704; x_wconf 87' lang='lat' dir='ltr'>pomi</span> <span class='ocrx_word' id='word_1_49' title='bbox 805 656 986 692; x_wconf 81' lang='lat' dir='ltr'>habuerunt</span> <span class='ocrx_word' id='word_1_50' title='bbox 999 656 1107 692; x_wconf 85' lang='lat' dir='ltr'>Adam</span> <span class='ocrx_word' id='word_1_51' title='bbox 1121 658 1155 692; x_wconf 73' lang='grc' dir='ltr'>ὅ(</span> <span class='ocrx_word' id='word_1_52' title='bbox 1168 657 1230 693; x_wconf 83' lang='lat' dir='ltr'>Eva</span> <span class='ocrx_word' id='word_1_53' title='bbox 1243 657 1351 692; x_wconf 93' lang='lat' dir='ltr'>delec-</span> 
     </span>
     <span class='ocr_line' id='line_1_9' title="bbox 318 709 1349 757; baseline 0.002 -14"><span class='ocrx_word' id='word_1_54' title='bbox 318 710 494 753; x_wconf 87' lang='lat' dir='ltr'>tacionem,</span> <span class='ocrx_word' id='word_1_55' title='bbox 518 709 559 744; x_wconf 81' lang='lat' dir='ltr'>fic</span> <span class='ocrx_word' id='word_1_56' title='bbox 577 723 594 744; x_wconf 93' lang='lat' dir='ltr'>e</span> <span class='ocrx_word' id='word_1_57' title='bbox 608 710 773 745; x_wconf 82' lang='lat' dir='ltr'>contrario</span> <span class='ocrx_word' id='word_1_58' title='bbox 791 711 824 744; x_wconf 89' lang='lat' dir='ltr'>in</span> <span class='ocrx_word' id='word_1_59' title='bbox 851 709 1006 745; x_wconf 85' lang='lat' dir='ltr'>divisione</span> <span class='ocrx_word' id='word_1_60' title='bbox 1024 712 1171 757; x_wconf 85' lang='lat' dir='ltr'>corporis</span> <span class='ocrx_word' id='word_1_61' title='bbox 1189 712 1223 745; x_wconf 91' lang='lat'>&amp;</span> <span class='ocrx_word' id='word_1_62' title='bbox 1241 711 1349 746; x_wconf 89' lang='lat' dir='ltr'>anime</span> 
     </span>
     <span class='ocr_line' id='line_1_10' title="bbox 317 761 1273 811; baseline 0.001 -14"><span class='ocrx_word' id='word_1_63' title='bbox 317 761 482 797; x_wconf 86' lang='lat' dir='ltr'>habebant</span> <span class='ocrx_word' id='word_1_64' title='bbox 499 762 751 798; x_wconf 84' lang='lat' dir='ltr'>amaritudinem</span> <span class='ocrx_word' id='word_1_65' title='bbox 769 765 803 798; x_wconf 92' lang='lat'>&amp;</span> <span class='ocrx_word' id='word_1_66' title='bbox 820 776 935 799; x_wconf 84' lang='lat' dir='ltr'>eorum</span> <span class='ocrx_word' id='word_1_67' title='bbox 954 764 1106 811; x_wconf 87' lang='lat' dir='ltr'>sequaces</span> <span class='ocrx_word' id='word_1_68' title='bbox 1124 763 1273 799; x_wconf 80' lang='lat' dir='ltr'>fimiliter.</span> 
     </span>
    </p>

    <p class='ocr_par' dir='ltr' id='par_1_6' title="bbox 316 816 1552 970">
     <span class='ocr_line' id='line_1_11' title="bbox 370 816 1552 864; baseline 0.003 -14"><span class='ocrx_word' id='word_1_69' title='bbox 370 819 466 851; x_wconf 78' lang='lat' dir='ltr'>Item:</span> <span class='ocrx_word' id='word_1_70' title='bbox 485 817 572 851; x_wconf 90' lang='lat' dir='ltr'>Sicut</span> <span class='ocrx_word' id='word_1_71' title='bbox 587 817 648 852; x_wconf 81' lang='lat' dir='ltr'>Eva</span> <span class='ocrx_word' id='word_1_72' title='bbox 664 816 789 852; x_wconf 87' lang='lat' dir='ltr'>seduxit</span> <span class='ocrx_word' id='word_1_73' title='bbox 802 816 921 862; x_wconf 82' lang='lat' dir='ltr'>Adam,</span> <span class='ocrx_word' id='word_1_74' title='bbox 934 817 979 852; x_wconf 90' lang='lat' dir='ltr'>ita</span> <span class='ocrx_word' id='word_1_75' title='bbox 993 816 1085 863; x_wconf 93' lang='lat' dir='ltr'>quod</span> <span class='ocrx_word' id='word_1_76' title='bbox 1099 818 1255 864; x_wconf 85' lang='lat' dir='ltr'>oportuit,</span> <span class='ocrx_word' id='word_1_77' title='bbox 1273 831 1350 853; x_wconf 90' lang='lat' dir='ltr'>eum</span> <span class='ocrx_word' id='word_1_78' title='bbox 1363 824 1386 846; x_wconf 84' lang='grc' dir='ltr'><strong>Α</strong></span> <span class='ocrx_word' id='word_1_79' title='bbox 1398 822 1414 845; x_wconf 84' lang='lat' dir='ltr'>f·</span> <span class='ocrx_word' id='word_1_80' title='bbox 1426 829 1455 852; x_wconf 83' lang='lat'>59</span> <span class='ocrx_word' id='word_1_81' title='bbox 1466 822 1489 850; x_wconf 67' lang='grc' dir='ltr'>δι</span> <span class='ocrx_word' id='word_1_82' title='bbox 1499 830 1519 845; x_wconf 68' lang='lat' dir='ltr'>c·</span> <span class='ocrx_word' id='word_1_83' title='bbox 1532 828 1552 845; x_wconf 89' lang='lat'>¹·</span> 
     </span>
     <span class='ocr_line' id='line_1_12' title="bbox 318 869 1348 918; baseline 0.002 -14"><span class='ocrx_word' id='word_1_84' title='bbox 318 870 412 914; x_wconf 84' lang='lat' dir='ltr'>mori,</span> <span class='ocrx_word' id='word_1_85' title='bbox 439 869 480 904; x_wconf 86' lang='lat' dir='ltr'>fic</span> <span class='ocrx_word' id='word_1_86' title='bbox 507 882 584 904; x_wconf 83' lang='lat' dir='ltr'>cato</span> <span class='ocrx_word' id='word_1_87' title='bbox 605 869 728 904; x_wconf 86' lang='lat' dir='ltr'>seducit</span> <span class='ocrx_word' id='word_1_88' title='bbox 754 869 955 917; x_wconf 85' lang='lat' dir='ltr'>quandoque</span> <span class='ocrx_word' id='word_1_89' title='bbox 973 870 1132 917; x_wconf 86' lang='lat' dir='ltr'>spiritum,</span> <span class='ocrx_word' id='word_1_90' title='bbox 1158 871 1267 918; x_wconf 88' lang='lat' dir='ltr'>itaque</span> <span class='ocrx_word' id='word_1_91' title='bbox 1292 885 1348 906; x_wconf 90' lang='lat' dir='ltr'>ne-</span> 
     </span>
     <span class='ocr_line' id='line_1_13' title="bbox 316 922 1300 970; baseline 0.003 -13"><span class='ocrx_word' id='word_1_92' title='bbox 316 922 399 958; x_wconf 78' lang='lat' dir='ltr'>ceffe</span> <span class='ocrx_word' id='word_1_93' title='bbox 418 924 472 968; x_wconf 82' lang='lat' dir='ltr'>est,</span> <span class='ocrx_word' id='word_1_94' title='bbox 494 937 568 958; x_wconf 91' lang='lat' dir='ltr'>eum</span> <span class='ocrx_word' id='word_1_95' title='bbox 589 922 675 970; x_wconf 82' lang='lat' dir='ltr'>quafi</span> <span class='ocrx_word' id='word_1_96' title='bbox 694 924 789 965; x_wconf 86' lang='lat' dir='ltr'>mori,</span> <span class='ocrx_word' id='word_1_97' title='bbox 807 924 884 970; x_wconf 88' lang='lat' dir='ltr'>quia</span> <span class='ocrx_word' id='word_1_98' title='bbox 902 930 986 958; x_wconf 90' lang='lat' dir='ltr'>erat¹</span> <span class='ocrx_word' id='word_1_99' title='bbox 1006 925 1040 958; x_wconf 92' lang='lat' dir='ltr'>in</span> <span class='ocrx_word' id='word_1_100' title='bbox 1058 936 1165 959; x_wconf 88' lang='lat' dir='ltr'>morte</span> <span class='ocrx_word' id='word_1_101' title='bbox 1182 937 1300 960; x_wconf 85' lang='lat' dir='ltr'>eterna.</span> 
     </span>
    </p>

    <p class='ocr_par' dir='ltr' id='par_1_7' title="bbox 315 977 1348 1184">
     <span class='ocr_line' id='line_1_14' title="bbox 366 977 1348 1026; baseline 0.002 -14"><span class='ocrx_word' id='word_1_102' title='bbox 366 980 458 1012; x_wconf 84' lang='lat' dir='ltr'>Item:</span> <span class='ocrx_word' id='word_1_103' title='bbox 477 978 564 1013; x_wconf 90' lang='lat' dir='ltr'>Sicut</span> <span class='ocrx_word' id='word_1_104' title='bbox 578 978 639 1012; x_wconf 81' lang='lat' dir='ltr'>Eva</span> <span class='ocrx_word' id='word_1_105' title='bbox 657 989 797 1025; x_wconf 87' lang='lat' dir='ltr'>pomum</span> <span class='ocrx_word' id='word_1_106' title='bbox 812 979 948 1013; x_wconf 89' lang='lat' dir='ltr'>vetitum</span> <span class='ocrx_word' id='word_1_107' title='bbox 961 979 1103 1026; x_wconf 87' lang='lat' dir='ltr'>porrexit</span> <span class='ocrx_word' id='word_1_108' title='bbox 1118 977 1201 1022; x_wconf 85' lang='lat' dir='ltr'>Ade,</span> <span class='ocrx_word' id='word_1_109' title='bbox 1217 978 1258 1013; x_wconf 82' lang='lat' dir='ltr'>fic</span> <span class='ocrx_word' id='word_1_110' title='bbox 1272 992 1348 1014; x_wconf 88' lang='lat' dir='ltr'>caro</span> 
     </span>
     <span class='ocr_line' id='line_1_15' title="bbox 317 1029 1348 1079; baseline 0.003 -15"><span class='ocrx_word' id='word_1_111' title='bbox 317 1029 451 1075; x_wconf 83' lang='lat' dir='ltr'>diversa,</span> <span class='ocrx_word' id='word_1_112' title='bbox 471 1044 534 1078; x_wconf 90' lang='lat' dir='ltr'>que</span> <span class='ocrx_word' id='word_1_113' title='bbox 550 1032 622 1065; x_wconf 86' lang='lat' dir='ltr'>sunt</span> <span class='ocrx_word' id='word_1_114' title='bbox 640 1033 749 1075; x_wconf 85' lang='lat' dir='ltr'>vetita,</span> <span class='ocrx_word' id='word_1_115' title='bbox 768 1030 863 1066; x_wconf 77' lang='lat' dir='ltr'>offert</span> <span class='ocrx_word' id='word_1_116' title='bbox 880 1032 998 1067; x_wconf 85' lang='lat' dir='ltr'>anime.</span> <span class='ocrx_word' id='word_1_117' title='bbox 1016 1031 1188 1079; x_wconf 81' lang='lat' dir='ltr'>Quicquid</span> <span class='ocrx_word' id='word_1_118' title='bbox 1202 1033 1291 1067; x_wconf 87' lang='lat' dir='ltr'>enim</span> <span class='ocrx_word' id='word_1_119' title='bbox 1304 1033 1348 1068; x_wconf 91' lang='lat' dir='ltr'>est</span> 
     </span>
     <span class='ocr_line' id='line_1_16' title="bbox 315 1083 1348 1134; baseline 0.004 -17"><span class='ocrx_word' id='word_1_120' title='bbox 315 1084 450 1118; x_wconf 90' lang='lat' dir='ltr'>vetitum</span> <span class='ocrx_word' id='word_1_121' title='bbox 471 1084 609 1127; x_wconf 73' lang='lat' dir='ltr'>homini,</span> <span class='ocrx_word' id='word_1_122' title='bbox 639 1083 781 1131; x_wconf 84' lang='lat' dir='ltr'>signatur</span> <span class='ocrx_word' id='word_1_123' title='bbox 799 1097 857 1131; x_wconf 89' lang='lat' dir='ltr'>per</span> <span class='ocrx_word' id='word_1_124' title='bbox 875 1098 1015 1133; x_wconf 90' lang='lat' dir='ltr'>pomum</span> <span class='ocrx_word' id='word_1_125' title='bbox 1041 1084 1223 1132; x_wconf 70' lang='lat' dir='ltr'>predic&#39;tum</span> <span class='ocrx_word' id='word_1_126' title='bbox 1239 1087 1274 1121; x_wconf 71' lang='grc' dir='ltr'>δ(</span> <span class='ocrx_word' id='word_1_127' title='bbox 1290 1099 1348 1134; x_wconf 89' lang='lat' dir='ltr'>per</span> 
     </span>
     <span class='ocr_line' id='line_1_17' title="bbox 315 1136 874 1184; baseline 0.002 -13"><span class='ocrx_word' id='word_1_128' title='bbox 315 1136 423 1171; x_wconf 80' lang='lat' dir='ltr'>Adam</span> <span class='ocrx_word' id='word_1_129' title='bbox 444 1137 579 1184; x_wconf 85' lang='lat' dir='ltr'>spiritus,</span> <span class='ocrx_word' id='word_1_130' title='bbox 600 1150 656 1184; x_wconf 87' lang='lat' dir='ltr'>per</span> <span class='ocrx_word' id='word_1_131' title='bbox 673 1137 769 1172; x_wconf 81' lang='lat' dir='ltr'>Evam</span> <span class='ocrx_word' id='word_1_132' title='bbox 788 1150 874 1172; x_wconf 85' lang='lat' dir='ltr'>caro.</span> 
     </span>
    </p>

    <p class='ocr_par' dir='ltr' id='par_1_8' title="bbox 302 1189 1540 2151">
     <span class='ocr_line' id='line_1_18' title="bbox 366 1189 1348 1241; baseline 0.003 -16"><span class='ocrx_word' id='word_1_133' title='bbox 366 1193 457 1225; x_wconf 79' lang='lat' dir='ltr'>Item:</span> <span class='ocrx_word' id='word_1_134' title='bbox 472 1192 559 1226; x_wconf 85' lang='lat' dir='ltr'>Sicut</span> <span class='ocrx_word' id='word_1_135' title='bbox 574 1204 632 1239; x_wconf 87' lang='lat' dir='ltr'>per</span> <span class='ocrx_word' id='word_1_136' title='bbox 646 1189 757 1226; x_wconf 90' lang='lat' dir='ltr'>cibum</span> <span class='ocrx_word' id='word_1_137' title='bbox 770 1192 875 1239; x_wconf 81' lang='lat' dir='ltr'>pomi,</span> <span class='ocrx_word' id='word_1_138' title='bbox 891 1191 1013 1226; x_wconf 65' lang='lat' dir='ltr'>fastum</span> <span class='ocrx_word' id='word_1_139' title='bbox 1026 1204 1143 1227; x_wconf 87' lang='lat' dir='ltr'>contra</span> <span class='ocrx_word' id='word_1_140' title='bbox 1156 1205 1348 1241; x_wconf 85' lang='lat' dir='ltr'>preceptum</span> 
     </span>
     <span class='ocr_line' id='line_1_19' title="bbox 315 1243 1504 1297; baseline 0.005 -20"><span class='ocrx_word' id='word_1_141' title='bbox 315 1243 464 1286; x_wconf 89' lang='lat' dir='ltr'>Domini,</span> <span class='ocrx_word' id='word_1_142' title='bbox 485 1245 615 1280; x_wconf 84' lang='lat' dir='ltr'>intravit</span> <span class='ocrx_word' id='word_1_143' title='bbox 629 1257 728 1288; x_wconf 87' lang='lat' dir='ltr'>mors,</span> <span class='ocrx_word' id='word_1_144' title='bbox 742 1245 785 1279; x_wconf 88' lang='lat' dir='ltr'>ita</span> <span class='ocrx_word' id='word_1_145' title='bbox 800 1258 857 1292; x_wconf 85' lang='lat' dir='ltr'>per</span> <span class='ocrx_word' id='word_1_146' title='bbox 874 1244 995 1290; x_wconf 88' lang='lat' dir='ltr'>cibum,</span> <span class='ocrx_word' id='word_1_147' title='bbox 1013 1247 1069 1292; x_wconf 92' lang='lat' dir='ltr'>qui</span> <span class='ocrx_word' id='word_1_148' title='bbox 1082 1247 1126 1280; x_wconf 87' lang='lat' dir='ltr'>est</span> <span class='ocrx_word' id='word_1_149' title='bbox 1139 1258 1215 1281; x_wconf 88' lang='lat' dir='ltr'>caro</span> <span class='ocrx_word' id='word_1_150' title='bbox 1230 1248 1265 1281; x_wconf 93' lang='lat'>&amp;</span> <span class='ocrx_word' id='word_1_151' title='bbox 1277 1247 1347 1282; x_wconf 87' lang='lat' dir='ltr'>san-</span> <span class='ocrx_word' id='word_1_152' title='bbox 1487 1264 1504 1297; x_wconf 63' lang='lat'><strong>)</strong></span> 
     </span>
     <span class='ocr_line' id='line_1_20' title="bbox 313 1298 1347 1346; baseline 0.004 -15"><span class='ocrx_word' id='word_1_153' title='bbox 313 1298 385 1344; x_wconf 85' lang='lat' dir='ltr'>guis</span> <span class='ocrx_word' id='word_1_154' title='bbox 399 1298 529 1341; x_wconf 85' lang='lat' dir='ltr'>Christi,</span> <span class='ocrx_word' id='word_1_155' title='bbox 551 1299 674 1332; x_wconf 70' lang='lat' dir='ltr'>fac&#39;lum</span> <span class='ocrx_word' id='word_1_156' title='bbox 689 1311 727 1333; x_wconf 90' lang='lat' dir='ltr'>ex</span> <span class='ocrx_word' id='word_1_157' title='bbox 741 1311 898 1346; x_wconf 85' lang='lat' dir='ltr'>precepto</span> <span class='ocrx_word' id='word_1_158' title='bbox 912 1299 1061 1344; x_wconf 90' lang='lat' dir='ltr'>Domini,</span> <span class='ocrx_word' id='word_1_159' title='bbox 1074 1300 1204 1336; x_wconf 86' lang='lat' dir='ltr'>intravit</span> <span class='ocrx_word' id='word_1_160' title='bbox 1216 1301 1293 1345; x_wconf 88' lang='lat' dir='ltr'>vita,</span> <span class='ocrx_word' id='word_1_161' title='bbox 1312 1301 1347 1335; x_wconf 70' lang='grc' dir='ltr'>δε</span> 
     </span>
     <span class='ocr_line' id='line_1_21' title="bbox 314 1350 1347 1400; baseline 0.005 -16"><span class='ocrx_word' id='word_1_162' title='bbox 314 1350 462 1396; x_wconf 88' lang='lat' dir='ltr'>quotidie</span> <span class='ocrx_word' id='word_1_163' title='bbox 484 1352 590 1386; x_wconf 83' lang='lat' dir='ltr'>intrat.</span> <span class='ocrx_word' id='word_1_164' title='bbox 618 1351 786 1397; x_wconf 84' lang='lat' dir='ltr'>lohannes,</span> <span class='ocrx_word' id='word_1_165' title='bbox 809 1362 847 1386; x_wconf 90' lang='lat' dir='ltr'>VI</span> <span class='ocrx_word' id='word_1_166' title='bbox 866 1351 957 1400; x_wconf 84' lang='lat'>(33),</span> <span class='ocrx_word' id='word_1_167' title='bbox 979 1368 997 1383; x_wconf 85' lang='grc' dir='ltr'>α</span> <span class='ocrx_word' id='word_1_168' title='bbox 1024 1356 1120 1388; x_wconf 86' lang='lat' dir='ltr'>Panis</span> <span class='ocrx_word' id='word_1_169' title='bbox 1140 1357 1215 1399; x_wconf 78' lang='lat' dir='ltr'>Dei,</span> <span class='ocrx_word' id='word_1_170' title='bbox 1240 1357 1293 1400; x_wconf 85' lang='lat' dir='ltr'>qui</span> <span class='ocrx_word' id='word_1_171' title='bbox 1309 1356 1347 1389; x_wconf 85' lang='lat' dir='ltr'>de</span> 
     </span>
     <span class='ocr_line' id='line_1_22' title="bbox 313 1405 1346 1455; baseline 0.006 -18"><span class='ocrx_word' id='word_1_172' title='bbox 313 1405 378 1438; x_wconf 86' lang='lat' dir='ltr'>celo</span> <span class='ocrx_word' id='word_1_173' title='bbox 392 1406 545 1451; x_wconf 81' lang='lat' dir='ltr'>descendit</span> <span class='ocrx_word' id='word_1_174' title='bbox 555 1406 585 1439; x_wconf 60' lang='grc' dir='ltr'><em>ὃ</em></span> <span class='ocrx_word' id='word_1_175' title='bbox 596 1407 649 1439; x_wconf 81' lang='lat' dir='ltr'>dat</span> <span class='ocrx_word' id='word_1_176' title='bbox 664 1409 756 1440; x_wconf 82' lang='lat' dir='ltr'>vitam</span> <span class='ocrx_word' id='word_1_177' title='bbox 771 1407 890 1440; x_wconf 84' lang='lat' dir='ltr'>mundo.</span> <span class='ocrx_word' id='word_1_178' title='bbox 906 1422 923 1437; x_wconf 67' lang='grc' dir='ltr'><em>υ</em></span> <span class='ocrx_word' id='word_1_179' title='bbox 940 1406 1099 1441; x_wconf 88' lang='lat' dir='ltr'>Dixerunt</span> <span class='ocrx_word' id='word_1_180' title='bbox 1111 1419 1192 1455; x_wconf 88' lang='lat' dir='ltr'>ergo</span> <span class='ocrx_word' id='word_1_181' title='bbox 1203 1407 1246 1443; x_wconf 92' lang='lat' dir='ltr'>ad</span> <span class='ocrx_word' id='word_1_182' title='bbox 1259 1421 1346 1453; x_wconf 86' lang='lat' dir='ltr'>eum,</span> 
     </span>
     <span class='ocr_line' id='line_1_23' title="bbox 314 1459 1345 1510; baseline 0.006 -19"><span class='ocrx_word' id='word_1_183' title='bbox 314 1473 332 1487; x_wconf 75' lang='lat' dir='ltr'>&lt;r</span> <span class='ocrx_word' id='word_1_184' title='bbox 346 1460 489 1501; x_wconf 82' lang='lat' dir='ltr'>Domine,</span> <span class='ocrx_word' id='word_1_185' title='bbox 501 1460 623 1505; x_wconf 81' lang='lat' dir='ltr'>semper</span> <span class='ocrx_word' id='word_1_186' title='bbox 638 1461 677 1493; x_wconf 82' lang='lat' dir='ltr'>da</span> <span class='ocrx_word' id='word_1_187' title='bbox 695 1461 782 1494; x_wconf 85' lang='lat' dir='ltr'>nobis</span> <span class='ocrx_word' id='word_1_188' title='bbox 795 1474 903 1506; x_wconf 85' lang='lat' dir='ltr'>panem</span> <span class='ocrx_word' id='word_1_189' title='bbox 923 1463 998 1495; x_wconf 83' lang='lat' dir='ltr'>hunc</span> <span class='ocrx_word' id='word_1_190' title='bbox 1015 1477 1032 1492; x_wconf 68' lang='grc' dir='ltr'>υ</span> <span class='ocrx_word' id='word_1_191' title='bbox 1052 1459 1192 1508; x_wconf 87' lang='lat' dir='ltr'>(loann.,</span> <span class='ocrx_word' id='word_1_192' title='bbox 1206 1471 1256 1504; x_wconf 90' lang='lat' dir='ltr'>VI,</span> <span class='ocrx_word' id='word_1_193' title='bbox 1272 1464 1345 1510; x_wconf 86' lang='lat'><em>34).</em></span> 
     </span>
     <span class='ocr_line' id='line_1_24' title="bbox 313 1511 1348 1561; baseline 0.006 -16"><span class='ocrx_word' id='word_1_194' title='bbox 313 1511 403 1545; x_wconf 85' lang='lat' dir='ltr'>Dixit</span> <span class='ocrx_word' id='word_1_195' title='bbox 416 1524 526 1546; x_wconf 92' lang='lat' dir='ltr'>autem</span> <span class='ocrx_word' id='word_1_196' title='bbox 540 1512 583 1547; x_wconf 89' lang='lat' dir='ltr'>eis</span> <span class='ocrx_word' id='word_1_197' title='bbox 600 1512 715 1558; x_wconf 84' lang='lat' dir='ltr'>lhesus,</span> <span class='ocrx_word' id='word_1_198' title='bbox 733 1527 751 1543; x_wconf 78' lang='grc' dir='ltr'>α</span> <span class='ocrx_word' id='word_1_199' title='bbox 767 1516 832 1559; x_wconf 84' lang='lat' dir='ltr'>Ego</span> <span class='ocrx_word' id='word_1_200' title='bbox 841 1515 912 1559; x_wconf 83' lang='lat' dir='ltr'>sum</span> <span class='ocrx_word' id='word_1_201' title='bbox 923 1517 1017 1561; x_wconf 84' lang='lat' dir='ltr'>panis</span> <span class='ocrx_word' id='word_1_202' title='bbox 1031 1517 1116 1549; x_wconf 83' lang='lat' dir='ltr'>vivus</span> <span class='ocrx_word' id='word_1_203' title='bbox 1124 1531 1136 1555; x_wconf 85' lang='grc'>,·</span> <span class='ocrx_word' id='word_1_204' title='bbox 1149 1519 1202 1561; x_wconf 84' lang='lat' dir='ltr'>qui</span> <span class='ocrx_word' id='word_1_205' title='bbox 1214 1519 1294 1551; x_wconf 79' lang='lat' dir='ltr'>venit</span> <span class='ocrx_word' id='word_1_206' title='bbox 1307 1518 1348 1551; x_wconf 84' lang='lat' dir='ltr'>ad</span> 
     </span>
     <span class='ocr_line' id='line_1_25' title="bbox 312 1566 1346 1615; baseline 0.007 -17"><span class='ocrx_word' id='word_1_207' title='bbox 312 1578 367 1608; x_wconf 86' lang='lat' dir='ltr'>me,</span> <span class='ocrx_word' id='word_1_208' title='bbox 378 1578 435 1599; x_wconf 85' lang='grc' dir='ltr'>ηοη</span> <span class='ocrx_word' id='word_1_209' title='bbox 447 1567 567 1612; x_wconf 81' lang='lat' dir='ltr'>esuriet,</span> <span class='ocrx_word' id='word_1_210' title='bbox 583 1566 613 1600; x_wconf 68' lang='grc' dir='ltr'>δ’</span> <span class='ocrx_word' id='word_1_211' title='bbox 623 1569 675 1612; x_wconf 84' lang='lat' dir='ltr'>qui</span> <span class='ocrx_word' id='word_1_212' title='bbox 683 1568 779 1601; x_wconf 82' lang='lat' dir='ltr'>credit</span> <span class='ocrx_word' id='word_1_213' title='bbox 789 1570 820 1601; x_wconf 87' lang='lat' dir='ltr'>in</span> <span class='ocrx_word' id='word_1_214' title='bbox 829 1581 886 1610; x_wconf 86' lang='lat' dir='ltr'>me,</span> <span class='ocrx_word' id='word_1_215' title='bbox 900 1581 957 1602; x_wconf 84' lang='lat' dir='ltr'>non</span> <span class='ocrx_word' id='word_1_216' title='bbox 967 1571 1052 1615; x_wconf 86' lang='lat' dir='ltr'>fitiet</span> <span class='ocrx_word' id='word_1_217' title='bbox 1061 1569 1140 1603; x_wconf 85' lang='lat' dir='ltr'>ultra</span> <span class='ocrx_word' id='word_1_218' title='bbox 1149 1570 1346 1615; x_wconf 79' lang='lat' dir='ltr'>(Ioann.‚v1‚</span> 
     </span>
     <span class='ocr_line' id='line_1_26' title="bbox 315 1618 1348 1666; baseline 0.006 -14"><span class='ocrx_word' id='word_1_219' title='bbox 315 1619 388 1665; x_wconf 75' lang='lat'>35),</span> <span class='ocrx_word' id='word_1_220' title='bbox 408 1618 439 1652; x_wconf 61' lang='grc' dir='ltr'>ὃν</span> <span class='ocrx_word' id='word_1_221' title='bbox 458 1622 501 1653; x_wconf 83' lang='lat' dir='ltr'>ita</span> <span class='ocrx_word' id='word_1_222' title='bbox 521 1623 630 1662; x_wconf 85' lang='lat' dir='ltr'>omnis,</span> <span class='ocrx_word' id='word_1_223' title='bbox 655 1623 707 1665; x_wconf 85' lang='lat' dir='ltr'>qui</span> <span class='ocrx_word' id='word_1_224' title='bbox 724 1622 807 1655; x_wconf 84' lang='lat' dir='ltr'>videt</span> <span class='ocrx_word' id='word_1_225' title='bbox 818 1622 924 1665; x_wconf 84' lang='lat' dir='ltr'>filium</span> <span class='ocrx_word' id='word_1_226' title='bbox 942 1621 973 1655; x_wconf 72' lang='grc' dir='ltr'>δ’</span> <span class='ocrx_word' id='word_1_227' title='bbox 990 1623 1086 1656; x_wconf 80' lang='lat' dir='ltr'>credit</span> <span class='ocrx_word' id='word_1_228' title='bbox 1109 1625 1139 1656; x_wconf 85' lang='lat' dir='ltr'>in</span> <span class='ocrx_word' id='word_1_229' title='bbox 1161 1637 1237 1666; x_wconf 82' lang='lat' dir='ltr'>eum,</span> <span class='ocrx_word' id='word_1_230' title='bbox 1260 1625 1348 1658; x_wconf 76' lang='lat' dir='ltr'>Imber</span> 
     </span>
     <span class='ocr_line' id='line_1_27' title="bbox 312 1674 1345 1724; baseline 0.007 -19"><span class='ocrx_word' id='word_1_231' title='bbox 312 1674 404 1705; x_wconf 84' lang='lat' dir='ltr'>vitam</span> <span class='ocrx_word' id='word_1_232' title='bbox 423 1685 552 1706; x_wconf 81' lang='lat' dir='ltr'>eternam</span> <span class='ocrx_word' id='word_1_233' title='bbox 570 1689 587 1704; x_wconf 71' lang='grc' dir='ltr'><em>υ</em></span> <span class='ocrx_word' id='word_1_234' title='bbox 609 1675 755 1719; x_wconf 75' lang='lat' dir='ltr'>(Ioann.‚</span> <span class='ocrx_word' id='word_1_235' title='bbox 773 1684 824 1717; x_wconf 83' lang='lat' dir='ltr'>vl,</span> <span class='ocrx_word' id='word_1_236' title='bbox 843 1676 919 1722; x_wconf 88' lang='lat'>40),</span> <span class='ocrx_word' id='word_1_237' title='bbox 937 1675 971 1709; x_wconf 92' lang='lat'>&amp;</span> <span class='ocrx_word' id='word_1_238' title='bbox 989 1675 1073 1710; x_wconf 86' lang='lat' dir='ltr'>infra</span> <span class='ocrx_word' id='word_1_239' title='bbox 1090 1675 1211 1711; x_wconf 88' lang='lat' dir='ltr'>eodem</span> <span class='ocrx_word' id='word_1_240' title='bbox 1228 1677 1345 1724; x_wconf 90' lang='lat' dir='ltr'>capite,</span> 
     </span>
     <span class='ocr_line' id='line_1_28' title="bbox 313 1726 1345 1772; baseline 0.007 -14"><span class='ocrx_word' id='word_1_241' title='bbox 313 1739 330 1754; x_wconf 76' lang='grc' dir='ltr'>(ι</span> <span class='ocrx_word' id='word_1_242' title='bbox 347 1726 438 1772; x_wconf 58' lang='lat' dir='ltr'>Qifi</span> <span class='ocrx_word' id='word_1_243' title='bbox 455 1728 708 1761; x_wconf 79' lang='lat' dir='ltr'>manducaveritis</span> <span class='ocrx_word' id='word_1_244' title='bbox 726 1741 842 1762; x_wconf 83' lang='lat' dir='ltr'>carnem</span> <span class='ocrx_word' id='word_1_245' title='bbox 851 1729 922 1772; x_wconf 76' lang='lat' dir='ltr'>filij</span> <span class='ocrx_word' id='word_1_246' title='bbox 940 1731 1072 1764; x_wconf 80' lang='lat' dir='ltr'>hominis</span> <span class='ocrx_word' id='word_1_247' title='bbox 1086 1729 1117 1763; x_wconf 73' lang='grc' dir='ltr'>ὃ·</span> <span class='ocrx_word' id='word_1_248' title='bbox 1130 1731 1267 1764; x_wconf 84' lang='lat' dir='ltr'>biberitis</span> <span class='ocrx_word' id='word_1_249' title='bbox 1280 1733 1345 1765; x_wconf 83' lang='lat' dir='ltr'>eius</span> 
     </span>
     <span class='ocr_line' id='line_1_29' title="bbox 302 1778 1344 1824; baseline 0.008 -13"><span class='ocrx_word' id='word_1_250' title='bbox 302 1778 499 1824; x_wconf 80' lang='lat' dir='ltr'>sanguinem,</span> <span class='ocrx_word' id='word_1_251' title='bbox 527 1793 585 1814; x_wconf 85' lang='lat' dir='ltr'>non</span> <span class='ocrx_word' id='word_1_252' title='bbox 614 1783 760 1815; x_wconf 73' lang='lat' dir='ltr'>habebitis</span> <span class='ocrx_word' id='word_1_253' title='bbox 789 1784 880 1815; x_wconf 83' lang='lat' dir='ltr'>vitam</span> <span class='ocrx_word' id='word_1_254' title='bbox 907 1784 938 1815; x_wconf 87' lang='lat' dir='ltr'>in</span> <span class='ocrx_word' id='word_1_255' title='bbox 963 1784 1063 1821; x_wconf 82' lang='lat' dir='ltr'>vobis;</span> <span class='ocrx_word' id='word_1_256' title='bbox 1091 1797 1161 1818; x_wconf 84' lang='lat' dir='ltr'>caro</span> <span class='ocrx_word' id='word_1_257' title='bbox 1188 1797 1252 1818; x_wconf 85' lang='lat' dir='ltr'>mea</span> <span class='ocrx_word' id='word_1_258' title='bbox 1278 1798 1344 1819; x_wconf 80' lang='lat' dir='ltr'>vere</span> 
     </span>
     <span class='ocr_line' id='line_1_30' title="bbox 311 1833 1344 1883; baseline 0.009 -19"><span class='ocrx_word' id='word_1_259' title='bbox 311 1834 350 1875; x_wconf 84' lang='lat' dir='ltr'>est</span> <span class='ocrx_word' id='word_1_260' title='bbox 367 1833 461 1875; x_wconf 82' lang='lat' dir='ltr'>cibus,</span> <span class='ocrx_word' id='word_1_261' title='bbox 482 1833 512 1866; x_wconf 64' lang='lat'>6³</span> <span class='ocrx_word' id='word_1_262' title='bbox 521 1834 656 1880; x_wconf 78' lang='lat' dir='ltr'>sanguis</span> <span class='ocrx_word' id='word_1_263' title='bbox 674 1848 754 1869; x_wconf 85' lang='lat' dir='ltr'>meus</span> <span class='ocrx_word' id='word_1_264' title='bbox 773 1849 839 1869; x_wconf 85' lang='lat' dir='ltr'>vere</span> <span class='ocrx_word' id='word_1_265' title='bbox 857 1838 897 1880; x_wconf 85' lang='lat' dir='ltr'>est</span> <span class='ocrx_word' id='word_1_266' title='bbox 908 1848 1000 1883; x_wconf 78' lang='lat' dir='ltr'>potus</span> <span class='ocrx_word' id='word_1_267' title='bbox 1010 1851 1022 1875; x_wconf 72' lang='lat'>,¹</span> <span class='ocrx_word' id='word_1_268' title='bbox 1038 1840 1090 1882; x_wconf 85' lang='lat' dir='ltr'>qui</span> <span class='ocrx_word' id='word_1_269' title='bbox 1106 1839 1264 1872; x_wconf 81' lang='lat' dir='ltr'>manducat</span> <span class='ocrx_word' id='word_1_270' title='bbox 1278 1852 1344 1873; x_wconf 87' lang='lat' dir='ltr'><em>car·-</em></span> 
     </span>
     <span class='ocr_line' id='line_1_31' title="bbox 310 1886 1343 1938; baseline 0.008 -20"><span class='ocrx_word' id='word_1_271' title='bbox 310 1898 375 1918; x_wconf 84' lang='lat' dir='ltr'>nem</span> <span class='ocrx_word' id='word_1_272' title='bbox 399 1899 494 1919; x_wconf 79' lang='lat' dir='ltr'>meam</span> <span class='ocrx_word' id='word_1_273' title='bbox 513 1886 544 1920; x_wconf 60' lang='grc' dir='ltr'>δ’</span> <span class='ocrx_word' id='word_1_274' title='bbox 562 1888 638 1921; x_wconf 84' lang='lat' dir='ltr'>bibit</span> <span class='ocrx_word' id='word_1_275' title='bbox 661 1902 754 1922; x_wconf 83' lang='lat' dir='ltr'>meum</span> <span class='ocrx_word' id='word_1_276' title='bbox 768 1890 963 1935; x_wconf 82' lang='lat' dir='ltr'>sanguinem,</span> <span class='ocrx_word' id='word_1_277' title='bbox 989 1893 1020 1923; x_wconf 85' lang='lat' dir='ltr'>in</span> <span class='ocrx_word' id='word_1_278' title='bbox 1045 1903 1090 1924; x_wconf 85' lang='lat' dir='ltr'>me</span> <span class='ocrx_word' id='word_1_279' title='bbox 1111 1903 1218 1935; x_wconf 82' lang='lat' dir='ltr'>manet,</span> <span class='ocrx_word' id='word_1_280' title='bbox 1239 1891 1269 1925; x_wconf 65' lang='grc' dir='ltr'>ἃ</span> <span class='ocrx_word' id='word_1_281' title='bbox 1286 1905 1343 1938; x_wconf 83' lang='lat' dir='ltr'>ego</span> 
     </span>
     <span class='ocr_line' id='line_1_32' title="bbox 310 1939 1342 1989; baseline 0.01 -19"><span class='ocrx_word' id='word_1_282' title='bbox 310 1939 341 1971; x_wconf 86' lang='lat' dir='ltr'>in</span> <span class='ocrx_word' id='word_1_283' title='bbox 360 1951 393 1971; x_wconf 87' lang='lat' dir='ltr'>eo</span> <span class='ocrx_word' id='word_1_284' title='bbox 416 1953 433 1968; x_wconf 71' lang='grc' dir='ltr'><em>υ</em></span> <span class='ocrx_word' id='word_1_285' title='bbox 453 1939 600 1982; x_wconf 88' lang='lat' dir='ltr'>(Ioann.‚</span> <span class='ocrx_word' id='word_1_286' title='bbox 621 1950 668 1985; x_wconf 81' lang='lat' dir='ltr'>vl,</span> <span class='ocrx_word' id='word_1_287' title='bbox 689 1941 824 1988; x_wconf 81' lang='lat'><em>54-56).</em></span> <span class='ocrx_word' id='word_1_288' title='bbox 844 1941 914 1989; x_wconf 81' lang='lat' dir='ltr'>Qi</span> <span class='ocrx_word' id='word_1_289' title='bbox 927 1954 1037 1977; x_wconf 89' lang='lat' dir='ltr'>autem</span> <span class='ocrx_word' id='word_1_290' title='bbox 1054 1943 1087 1977; x_wconf 90' lang='lat' dir='ltr'>in</span> <span class='ocrx_word' id='word_1_291' title='bbox 1104 1943 1160 1978; x_wconf 93' lang='lat' dir='ltr'>illo</span> <span class='ocrx_word' id='word_1_292' title='bbox 1174 1944 1228 1989; x_wconf 87' lang='lat' dir='ltr'>est,</span> <span class='ocrx_word' id='word_1_293' title='bbox 1247 1945 1292 1980; x_wconf 88' lang='lat' dir='ltr'>est</span> <span class='ocrx_word' id='word_1_294' title='bbox 1307 1946 1342 1980; x_wconf 89' lang='lat' dir='ltr'>in</span> 
     </span>
     <span class='ocr_line' id='line_1_33' title="bbox 311 1990 1341 2045; baseline 0.009 -22"><span class='ocrx_word' id='word_1_295' title='bbox 311 1990 387 2024; x_wconf 91' lang='lat' dir='ltr'>forti</span> <span class='ocrx_word' id='word_1_296' title='bbox 405 1991 520 2033; x_wconf 83' lang='lat' dir='ltr'>castro,</span> <span class='ocrx_word' id='word_1_297' title='bbox 541 1992 760 2028; x_wconf 89' lang='lat' dir='ltr'>circumdatus</span> <span class='ocrx_word' id='word_1_298' title='bbox 778 1993 923 2042; x_wconf 88' lang='lat' dir='ltr'>undique</span> <span class='ocrx_word' id='word_1_299' title='bbox 941 2007 1009 2030; x_wconf 88' lang='lat' dir='ltr'>tam</span> <span class='ocrx_word' id='word_1_300' title='bbox 1031 1996 1107 2031; x_wconf 86' lang='lat' dir='ltr'>forti</span> <span class='ocrx_word' id='word_1_301' title='bbox 1125 2010 1231 2042; x_wconf 87' lang='lat' dir='ltr'>muro,</span> <span class='ocrx_word' id='word_1_302' title='bbox 1250 1996 1341 2045; x_wconf 91' lang='lat' dir='ltr'>quod</span> 
     </span>
     <span class='ocr_line' id='line_1_34' title="bbox 310 2042 1340 2096; baseline 0.01 -20"><span class='ocrx_word' id='word_1_303' title='bbox 310 2042 459 2078; x_wconf 88' lang='lat' dir='ltr'>diabolus</span> <span class='ocrx_word' id='word_1_304' title='bbox 483 2044 523 2078; x_wconf 91' lang='lat' dir='ltr'>ad</span> <span class='ocrx_word' id='word_1_305' title='bbox 547 2059 622 2080; x_wconf 91' lang='lat' dir='ltr'>eum</span> <span class='ocrx_word' id='word_1_306' title='bbox 646 2059 715 2081; x_wconf 90' lang='lat' dir='ltr'>non</span> <span class='ocrx_word' id='word_1_307' title='bbox 738 2047 843 2095; x_wconf 93' lang='lat' dir='ltr'>potest</span> <span class='ocrx_word' id='word_1_308' title='bbox 869 2047 988 2083; x_wconf 87' lang='lat' dir='ltr'>habere</span> <span class='ocrx_word' id='word_1_309' title='bbox 1010 2049 1184 2096; x_wconf 72' lang='lat' dir='ltr'>accessum,</span> <span class='ocrx_word' id='word_1_310' title='bbox 1209 2052 1243 2086; x_wconf 91' lang='lat'>&amp;</span> <span class='ocrx_word' id='word_1_311' title='bbox 1264 2050 1340 2086; x_wconf 89' lang='lat' dir='ltr'>ideo</span> 
     </span>
     <span class='ocr_line' id='line_1_35' title="bbox 311 2095 1540 2151; baseline 0.011 -22"><span class='ocrx_word' id='word_1_312' title='bbox 311 2095 390 2130; x_wconf 87' lang='lat' dir='ltr'>dicit</span> <span class='ocrx_word' id='word_1_313' title='bbox 409 2097 566 2132; x_wconf 80' lang='lat' dir='ltr'>{ohannes</span> <span class='ocrx_word' id='word_1_314' title='bbox 584 2099 616 2133; x_wconf 88' lang='lat' dir='ltr'>in</span> <span class='ocrx_word' id='word_1_315' title='bbox 635 2099 843 2148; x_wconf 76' lang='lat' dir='ltr'>Apocalypsi,</span> <span class='ocrx_word' id='word_1_316' title='bbox 867 2117 884 2133; x_wconf 71' lang='grc' dir='ltr'>«ι</span> <span class='ocrx_word' id='word_1_317' title='bbox 904 2104 1019 2147; x_wconf 81' lang='lat' dir='ltr'>Scribe,</span> <span class='ocrx_word' id='word_1_318' title='bbox 1044 2106 1137 2139; x_wconf 72' lang='lat' dir='ltr'>‘Beati</span> <span class='ocrx_word' id='word_1_319' title='bbox 1153 2107 1270 2148; x_wconf 84' lang='lat' dir='ltr'>mortui,</span> <span class='ocrx_word' id='word_1_320' title='bbox 1288 2107 1341 2151; x_wconf 85' lang='lat' dir='ltr'>qui</span> <span class='ocrx_word' id='word_1_321' title='bbox 1352 2110 1375 2132; x_wconf 75' lang='grc' dir='ltr'><strong>Α</strong></span> <span class='ocrx_word' id='word_1_322' title='bbox 1387 2109 1403 2133; x_wconf 82' lang='lat' dir='ltr'>f-</span> <span class='ocrx_word' id='word_1_323' title='bbox 1415 2112 1475 2142; x_wconf 65' lang='grc'><strong>591»,</strong></span> <span class='ocrx_word' id='word_1_324' title='bbox 1487 2117 1540 2134; x_wconf 73' lang='lat' dir='ltr'>t-2·</span> 
     </span>
    </p>
   </div>
   <div class='ocr_carea' id='block_1_4' title="bbox 347 2172 641 2207">
    <p class='ocr_par' dir='ltr' id='par_1_9' title="bbox 347 2172 641 2207">
     <span class='ocr_line' id='line_1_36' title="bbox 347 2172 641 2207; baseline 0.01 -12"><span class='ocrx_word' id='word_1_325' title='bbox 347 2180 356 2195; x_wconf 91' lang='lat'>1</span> <span class='ocrx_word' id='word_1_326' title='bbox 373 2172 396 2196; x_wconf 89' lang='lat' dir='ltr'><em>A</em></span> <span class='ocrx_word' id='word_1_327' title='bbox 411 2180 512 2207; x_wconf 86' lang='lat' dir='ltr'>quoque</span> <span class='ocrx_word' id='word_1_328' title='bbox 528 2191 534 2197; x_wconf 87' lang='lat'><strong>.</strong></span> <span class='ocrx_word' id='word_1_329' title='bbox 547 2191 553 2197; x_wconf 88' lang='lat'>.</span> <span class='ocrx_word' id='word_1_330' title='bbox 567 2191 572 2197; x_wconf 90' lang='lat'>.</span> <span class='ocrx_word' id='word_1_331' title='bbox 589 2172 641 2199; x_wconf 83' lang='lat' dir='ltr'>erit.</span> 
     </span>
    </p>
   </div>
   <div class='ocr_carea' id='block_1_5' title="bbox 1606 2563 1624 2582">
    <p class='ocr_par' dir='ltr' id='par_1_10' title="bbox 1606 2563 1624 2582">
     <span class='ocr_line' id='line_1_37' title="bbox 1606 2563 1624 2582; textangle 90"><span class='ocrx_word' id='word_1_332' title='bbox 1606 2579 1624 2582; x_wconf 86' lang='grc' dir='ltr'>Ι</span> <span class='ocrx_word' id='word_1_333' title='bbox 1607 2563 1624 2568; x_wconf 70' lang='lat' dir='ltr'>i</span> 
     </span>
    </p>
   </div>
  </div>
 </body>
</html>
