1624 2788
441 210 507 246 166
684 221 795 247 LmER
813 221 966 248 numm
983 222 1217 249 CHRISTIANI.

362 341 420 366 1219
435 339 515 363 tates
533 328 595 362 alie
620 328 692 363 sunt
712 330 817 364 erezste
834 329 928 376 supra
949 342 1081 364 murum
1097 330 1144 364 his
1164 331 1317 377 minores,
1343 332 1461 368 scilicet

432 382 515 416 intra
532 380 623 416 binas
640 382 675 416 δε
692 380 783 416 binas
800 382 862 417 alie
883 381 959 417 bine
976 384 1010 417 &
1030 381 1118 428 bine,
1148 396 1287 431 quarum
1311 387 1461 421 omnium

434 433 559 469 summa
576 435 620 470 est
637 436 809 484 ot‘loginta
826 436 958 484 septem.

773 545 823 578 De
839 547 932 588 castro
952 545 1130 592 Tenenfium.

322 653 382 675 Nov-
396 659 417 683 5-
481 646 552 682 Idus
567 647 762 684 Novembris
775 661 872 696 capta
885 650 1025 696 civitate,
1038 651 1211 687 Christiani
1225 652 1461 700 navigaverunt

431 700 473 736 acl
487 700 691 737 fortiffimum
708 702 843 737 castrum
855 702 1061 748 Tenenfium,
1079 704 1238 752 quodque
1252 706 1460 741 immunitum

307 763 367 785 Nov.
379 770 417 794 23.
430 755 642 798 invenientes,
661 756 860 791 intraverunt
875 757 959 791 acin
978 757 1056 791 festo
1074 758 1182 792 saneti
1195 758 1376 793 Clementis
1394 771 1460 794 tur-

431 821 478 842 res
503 809 699 843 munierunt.
728 810 846 857 Sicque
868 810 958 845 nullo
985 824 1101 845 eorum
1125 813 1246 856 occiso,
1272 813 1461 847 Damiatam

430 860 599 897 redierunt.
617 862 797 897 Thesaurus
815 863 1080 901 auteminfinitus
1097 866 1131 899 δε
1149 864 1212 900 fine
1231 878 1367 900 numero
1383 879 1460 900 cum

430 913 509 949 effet
532 915 567 949 in
593 915 678 959 villa,
704 917 878 964 principes,
904 915 982 951 sicut
1010 918 1235 964 promiserant,
1264 932 1340 953 eum
1370 932 1458 955 exer-

430 968 507 1002 citui
532 966 677 1003 dividere
698 968 864 1004 nolebant.
891 969 988 1005 Unde
1008 971 1160 1018 populus,
1188 983 1387 1017 commotus,
1416 971 1459 1007 ad

429 1033 520 1055 arma
538 1022 676 1055 cucurrit
693 1022 804 1058 volens
822 1022 968 1072 legatum
985 1023 1173 1060 interficere.
1196 1025 1277 1072 Quo
1296 1024 1459 1063 sedato&

428 1087 448 1109 a
462 1074 600 1109 tumultu
617 1074 769 1119 ceffante,
786 1075 917 1111 cuilibet
928 1078 1042 1111 iustam
1055 1078 1242 1125 portionem
1255 1078 1286 1113 se
1295 1076 1458 1122 daturum,

428 1127 583 1175 promisit.
613 1129 718 1177 Qiod
747 1142 856 1165 tamen
879 1130 992 1165 iniuste
1009 1131 1176 1178 persecuti,
1204 1131 1295 1166 nullo
1314 1131 1459 1166 nostrum

356 1195 414 1211 1220
428 1180 484 1216 nisi
507 1182 559 1216 sex
579 1180 745 1218 bizancios
771 1184 961 1231 accipiente.
985 1184 1148 1219 Veniente
1174 1197 1284 1220 autem
1302 1184 1354 1219 die
1375 1185 1457 1220 Puri-

316 1245 380 1267 febr.
392 1252 414 1268 2.
427 1233 588 1270 ficationis
612 1237 707 1272 Beate
730 1238 841 1282 Marie,
868 1237 952 1272 fasta
979 1238 1022 1272 est
1047 1250 1171 1286 magna
1189 1237 1399 1286 solempnitas
1423 1239 1459 1273 in

427 1288 566 1324 civitate.
597 1291 736 1335 Intravit,
756 1292 811 1338 qui
838 1291 952 1334 voluit,
982 1292 1026 1335 &,
1056 1290 1219 1326 celebrata
1245 1290 1338 1326 missa
1356 1305 1376 1326 a
1395 1291 1457 1326 do-

426 1342 519 1375 mino
544 1342 655 1390 legato
682 1345 715 1378 in
740 1345 875 1378 nomine
900 1345 1038 1379 Domini
1057 1344 1156 1379 nostri
1176 1344 1261 1379 ihesu
1288 1345 1459 1380 Christi&

425 1395 520 1430 Beate
538 1396 637 1431 Marie
651 1398 795 1446 virginiS,
818 1397 920 1432 voluit
936 1396 1092 1432 dominus
1109 1397 1236 1446 legatus
1253 1399 1288 1433 &
1301 1399 1457 1446 precepit,

426 1447 518 1495 quod
538 1449 629 1484 locus
648 1450 711 1494 ille,
734 1451 789 1498 qui
812 1451 898 1498 prius
919 1450 1098 1487 vocabatur
1124 1451 1238 1486 fanum
1256 1452 1455 1496 Machomet,

425 1500 467 1536 de
479 1514 588 1537 cetero
602 1504 818 1551 appellaretur
831 1503 963 1539 ecclesia
976 1505 1071 1539 Beate
1085 1504 1196 1548 Marie,
1212 1506 1345 1554 virginis
1358 1519 1458 1554 gene-

426 1555 508 1590 tricis
528 1556 592 1591 Dei
612 1558 646 1591 ὅς
669 1558 807 1592 Domini
829 1558 927 1592 nostri
951 1557 1036 1592 ihesu
1054 1558 1184 1602 Christi,
1214 1560 1266 1593 cui
1287 1559 1331 1594 est
1349 1559 1458 1594 honor

425 1610 459 1642 ὅ(
476 1609 582 1657 gloria
595 1611 629 1644 in
647 1610 753 1646 secula
774 1611 969 1646 seculorum!
1001 1612 1118 1646 Amen.

873 1664 1013 1712 Explicit.
