1624 2788
384 254 449 292 134
671 253 863 279 IOHANNES
880 253 930 279 DE
948 253 1095 280 TULBIA

305 379 364 404 ηις»
375 364 512 409 invitati,
529 364 728 399 intraverunt
739 365 774 399 &
791 364 911 399 mortui
926 365 960 399 &
977 363 1135 399 vulnerati
1152 364 1280 400 fuerunt
1297 364 1400 410 multi,

375 418 410 452 ὃ(
427 416 614 452 ceciderunt
630 429 727 462 retr03
745 417 894 452 dixerunt
911 416 1062 452 soldano:
1081 420 1223 462 Domine,
1241 421 1289 463 isti
1297 419 1402 465 sclavi

376 472 499 506 multum
516 473 591 518 sunt
615 473 731 506 acerbi!
758 470 792 505 Et
816 470 954 506 fixerunt
972 483 1046 506 ante
1070 483 1131 506 nos
1149 483 1211 506 tres
1232 472 1401 519 maganel-

375 524 437 569 los,
468 525 502 558 &
531 537 601 559 tota
627 523 679 559 die
702 524 918 572 preliaverunt
939 522 1110 559 nobiscum
1139 525 1173 559 &
1200 524 1280 559 nihil
1306 523 1402 560 nobis

377 589 567 613 nocuerunt.

252 639 313 669 Sept„
325 645 363 668 27.
425 631 546 666 XLVn.
564 633 596 665 In
614 630 667 666 die
684 631 875 666 sanstorum
892 631 1015 666 Cosme
1032 633 1067 666 &
1083 632 1404 667 Damianivenerunt

377 696 451 719 ante
461 697 612 719 auroram
629 685 663 718 &
681 683 841 719 duxerunt
859 685 1179 731 quattuorieremitas
1192 685 1306 733 plenas
1318 684 1402 732 ignis

374 738 409 772 &
417 736 623 772 crediderunt
635 749 777 772 cremare
790 749 939 784 pontem,
950 739 983 772 &
996 738 1101 773 nostre
1110 737 1246 773 berbote
1259 738 1403 772 exierunt

374 792 409 826 &
424 790 546 825 lucrate
564 790 635 824 sunt
647 803 711 835 ea8‚
730 791 764 825 δε
778 791 943 826 Sarraceni
961 804 999 826 ex
1017 804 1152 839 utraque
1170 803 1260 839 parte
1276 790 1404 825 infesta-

375 843 454 880 bant
471 845 506 879 ὅς
522 844 721 879 intraverunt
739 843 893 878 fofl'atum
911 845 1069 888 nostrum,
1089 846 1123 880 &
1143 845 1288 880 exierunt
1306 844 1403 891 pauci

374 897 546 933 Christiani
564 897 599 931 in
616 909 701 944 aqua
718 898 753 931 &
770 896 919 932 dixerunt
940 899 1000 933 eis:
1030 900 1059 933 Ο
1076 901 1179 945 miseri
1204 911 1303 940 canes,
1329 899 1402 943 quid

374 953 519 996 queritis?
536 950 569 985 Et
586 951 679 985 multi
696 963 735 985 ex
748 950 807 985 illis
826 951 947 985 mortui
965 951 1108 995 fuerunt,
1128 953 1162 986 ὅ(
1182 951 1281 986 nostri
1292 950 1403 999 gracia

375 1005 438 1039 Dei
459 1003 640 1038 incolumes
659 1004 887 1039 remanserunt.
902 1012 911 1027 ¹
936 1005 1010 1040 Alia
1027 1004 1080 1039 die
1097 1016 1253 1040 venerunt
1273 1003 1315 1039 ad
1332 1017 1400 1039 me·
1414 1012 1429 1035 f-
1443 1018 1478 1042 35-

376 1056 466 1092 diam
483 1059 617 1092 nodiem
634 1058 669 1091 ὅ(
686 1056 875 1092 deferebant
892 1057 1027 1092 herbam
1044 1059 1078 1092 &
1095 1056 1251 1093 volebant
1267 1056 1402 1104 implere

375 1109 530 1145 foffatum
543 1110 697 1155 nostrum,
711 1112 745 1145 &
759 1110 826 1145 duo
840 1123 878 1146 ex
890 1111 950 1145 illis
963 1110 1005 1145 ad
1019 1123 1080 1145 nos
1096 1122 1254 1146 venerunt
1267 1111 1302 1145 δε
1314 1109 1403 1145 dixe-

376 1177 468 1200 runt:
499 1166 528 1199 0
550 1165 730 1209 Christiani,
754 1168 840 1210 estote
854 1167 953 1209 firmi,
981 1167 1051 1210 quia
1073 1167 1127 1212 ipfi
1142 1177 1254 1211 putant
1279 1164 1403 1210 implere

365 1218 513 1264 foffatum
534 1218 564 1251 ὂ·
572 1219 669 1264 super
689 1231 742 1252 vos
758 1221 859 1252 venire
879 1218 909 1252 ὃν
917 1221 1012 1264 stare,
1037 1220 1103 1252 0610
1126 1220 1203 1261 dies,
1227 1217 1257 1251 δ’
1268 1221 1296 1264 fi
1314 1218 1402 1251 modo

373 1273 518 1306 habebitis
534 1274 705 1316 vic‘loriam,
724 1273 828 1307 volunt
835 1274 961 1318 fugere,
981 1272 1012 1306 δ’
1027 1284 1090 1306 τοτα
1108 1284 1189 1306 terra
1208 1273 1402 1317 Paganorum

373 1329 430 1361 erit
446 1329 557 1371 vestra!
567 1327 570 1331 ’

421 1379 605 1414 XLVIII-LI.
627 1378 661 1413 Et
678 1391 747 1414 non
764 1377 828 1413 aufi
842 1378 970 1413 fuerunt
983 1378 1092 1414 venire
1105 1376 1148 1414 ad
1163 1375 1328 1421 fossatum,
1346 1376 1402 1412 sed

374 1445 530 1481 ceperunt
544 1445 619 1467 ante
633 1445 693 1467 nos
707 1432 845 1467 castrum
859 1432 900 1467 de
912 1431 1009 1480 lignis
1023 1431 1217 1476 construere,
1234 1432 1269 1466 δε
1281 1429 1402 1476 audite,

375 1485 466 1535 quod
479 1485 722 1534 prestolabatur,
741 1484 833 1532 quod
852 1485 997 1532 quinque
1020 1483 1085 1520 falfi
1108 1484 1280 1520 Christiani
1304 1483 1403 1519 debe-

373 1540 453 1576 bant
478 1538 653 1574 incendere
675 1550 814 1587 pontem
840 1540 875 1573 &
899 1537 1061 1573 dimittere
1082 1537 1170 1573 abire
1195 1551 1255 1586 per
1271 1550 1401 1585 aquam.

372 1593 496 1630 Videns
508 1594 580 1642 pius
595 1594 683 1628 Deus
701 1593 757 1627 has
770 1593 933 1641 perversas
949 1593 1172 1640 cogitaciones
1185 1593 1220 1626 ὅ(
1233 1590 1402 1635 nefandas,

373 1661 476 1683 unum
493 1660 531 1682 ex
549 1647 609 1681 illis
626 1646 802 1694 inspiravit,
823 1647 857 1681 &
874 1646 935 1680 hec
951 1646 1177 1688 manifestavit,
1198 1646 1232 1680 ὃ(
1249 1645 1316 1680 cito
1334 1644 1402 1680 file-

373 1713 448 1736 runt
468 1702 555 1750 capti
579 1703 614 1736 &
636 1701 777 1736 iudicati.
808 1702 842 1735 ln
866 1699 921 1734 illa
944 1698 996 1734 die
1021 1700 1166 1734 exierunt
1183 1698 1354 1734 Christiani
1368 1699 1403 1733 ὃ(

374 1767 600 1791 cremaverunt
620 1753 766 1799 herbam,
791 1752 878 1788 unde
894 1751 1049 1789 volebant
1073 1752 1210 1800 implere
1237 1750 1402 1796 fossatum,

373 1810 407 1844 &
425 1810 544 1856 Pagani
561 1821 647 1843 retro
666 1806 824 1842 cesserunt
842 1808 877 1842 &
894 1818 1050 1854 ceperunt
1075 1807 1209 1853 pastum
1231 1804 1403 1840 nobiscum

374 1862 570 1905 machinare,
603 1861 742 1896 similiter
767 1862 802 1895 &
827 1860 882 1904 illi,
910 1861 966 1907 qui
989 1871 1081 1894 erant
1106 1859 1140 1893 in
1157 1859 1297 1902 civitate,
1327 1858 1404 1905 quia

375 1916 464 1950 nullo
478 1914 583 1950 modo
598 1926 749 1962 poterant
766 1927 840 1948 eam
855 1926 973 1957 tenere,
991 1925 1031 1948 eo
1045 1910 1137 1959 quod
1153 1910 1319 1960 flagellum
1339 1911 1403 1946 Dei

373 1970 440 2004 iam
458 1982 573 2004 omnes
590 1968 662 2003 illos
681 1965 885 2015 percusserat,
905 1967 939 2001 &
953 1966 1097 2002 exierunt
1111 1965 1178 2000 duo
1192 1964 1234 2000 de
1248 1965 1402 2000 amirariis

412 2114 422 2130 1
440 2106 469 2131 In
483 2105 561 2131 codice
577 2105 651 2137 nostro
662 2103 817 2137 sequumur:
834 2103 857 2128 &
915 2101 998 2126 danus'
1009 2101 1124 2126 dicebat:
1138 2100 1270 2126 Faciamus
1283 2100 1401 2136 hoc,quae

374 2146 398 2175 in
418 2145 466 2174 alio
484 2145 619 2172 adventurn
638 2143 750 2182 paffagij,
772 2144 794 2170 &
814 2142 859 2169 sol-
915 2141 1019 2179 intelligi
1031 2150 1076 2167 non
1084 2141 1182 2176 pqffunt.
