1624 2788
338 244 364 282 4
749 240 964 267 oRDmAcm

339 352 420 388 dum
438 365 571 388 carnem
589 352 633 387 est
650 364 810 396 amarum,
828 363 1022 386 convertens
1039 350 1074 385 in
1090 349 1136 393 id,
1148 348 1241 397 quod
1258 349 1370 385 secun-

339 406 420 442 dum
437 407 582 454 spiritum
599 406 643 441 est
661 405 767 449 dulce,
784 407 818 440 &
835 417 961 453 pompe
979 403 1146 439 mundane
1164 402 1372 439 umbratilem

339 461 489 508 respuens
515 460 705 502 vanitatem,
734 458 776 494 ad
799 459 907 506 ipsum
924 457 1089 501 veniendi,
1110 472 1128 492 a
1147 471 1204 504 quo
1218 461 1258 503 est
1275 461 1372 493 omnis

339 515 430 557 salus,
443 517 494 559 qui
511 517 550 559 est
566 517 626 558 via,
644 517 755 549 veritas
773 514 804 548 ἃ
821 516 884 548 vita
901 514 1044 558 (loann.‚
1061 521 1138 556 XIV,
1156 510 1207 557 ὁ),
1225 511 1374 546 semitam

339 566 554 602 breviffimam
580 566 635 602 fibi
665 566 755 615 eligit
777 565 983 609 imitandam,
1003 578 1038 600 ut
1057 578 1144 599 mors
1161 565 1227 600 vite
1245 577 1374 612 tempo-

339 620 411 654 ralis
439 619 474 654 fit
500 619 586 667 quasi
613 621 709 654 ianua
734 621 767 654 δε
793 619 940 653 introitus
967 619 1059 666 regni
1082 617 1229 652 celorum
1250 618 1284 652 &
1309 618 1576 664 viteAfiflma-

339 672 564 708 indeficientis.
584 675 674 710 Cum
686 674 783 722 igitur
794 684 917 720 quanto
932 673 1037 720 magis
1055 669 1178 718 aliquid
1193 671 1236 706 est
1246 669 1374 707 bonum

339 727 373 760 ὅ(
395 726 467 773 plus
485 726 686 772 delefflbile,
717 739 808 761 tanto
839 726 942 774 magis
965 723 1000 759 fit
1027 723 1263 772 appetendum,
1280 726 1315 759 &
1331 724 1374 760 ad

339 781 445 827 ipsum
463 793 503 815 eo
522 781 626 828 magis
645 779 680 815 fit
697 779 958 823 accelerandum,
975 778 1019 813 ad
1036 792 1123 822 eum,
1149 791 1216 826 quo
1235 778 1314 813 nihil
1331 779 1375 813 est

339 833 462 877 melius,
482 834 534 868 vel
551 833 772 868 dele-stabilius
789 834 823 869 in
842 845 950 876 cruce,
969 845 1032 879 que
1050 832 1093 867 est
1111 834 1163 868 via
1180 831 1269 879 apud
1286 831 1374 867 celos

338 886 530 930 breviffima,
557 887 600 921 est
629 885 878 935 properandum
904 885 1101 921 dilacionem
1121 884 1278 934 fugiendo
1297 898 1374 921 cum

340 940 476 975 ferventi
494 939 662 975 defiderio.
685 940 735 975 Ne
753 941 849 988 igitur
867 939 910 974 ad
928 952 1004 974 eum
1022 938 1174 974 veniendi
1192 951 1306 986 queras
1323 939 1372 974 di-

339 993 502 1028 lacionem
528 1006 585 1041 per
614 992 745 1028 effeetus
768 992 974 1029 evidenciam
997 1005 1066 1026 non
1092 991 1266 1027 observans
1293 992 1374 1028 illud

340 1045 544 1091 mandatum,
565 1063 583 1077 «
597 1048 726 1093 ‘Diliges
741 1050 841 1081 ‘Deum
858 1060 939 1081 tuum
957 1060 991 1080 ex
1003 1059 1065 1080 toto
1078 1047 1178 1090 corde,
1192 1047 1267 1090 &c.,
1281 1060 1299 1079 a
1317 1059 1373 1091 quo

334 1102 445 1147 pendet
468 1113 531 1134 tota
558 1102 605 1134 Iex
630 1101 660 1134 ἃ·
685 1103 828 1146 prophete
847 1115 865 1130 υ
891 1098 1035 1145 (Matth.‚
1066 1108 1160 1143 XXII,
1179 1108 1224 1147 37
1248 1099 1282 1133 &
1298 1099 1374 1146 40),

340 1167 415 1188 eum
435 1155 577 1200 sequere,
588 1155 644 1200 qui
660 1153 754 1188 dicit:
771 1170 788 1185 κ
801 1156 911 1189 Servus
925 1167 982 1188 non
993 1157 1032 1198 est
1046 1156 1143 1188 maior
1156 1154 1278 1188 domino
1284 1155 1345 1200 suo
1354 1169 1372 1184 n

340 1209 479 1252 (loann.,
497 1217 578 1251 XIII,
603 1208 672 1253 16),
685 1205 814 1251 &alibi,
828 1223 845 1238 α
862 1209 921 1241 Ubi
929 1209 1000 1253 sum
1014 1208 1214 1254 ego,scilicet
1230 1209 1261 1241 in
1278 1220 1373 1250 cruce,

340 1261 408 1295 illic
425 1261 456 1295 6·
474 1264 602 1306 minister
620 1275 700 1295 meus
717 1264 775 1295 erit
792 1276 808 1291 u
837 1263 978 1306 (Ioann.,
1008 1270 1074 1303 XII,
1105 1261 1178 1306 26),
1205 1260 1292 1307 quia,
1319 1261 1375 1308 qui

340 1314 420 1348 mihi
447 1314 613 1357 ministrat,
639 1327 692 1349 me
722 1314 882 1361 sequatur,
908 1315 941 1348 in
968 1326 1064 1348 cruce
1088 1313 1225 1359 scilicet,
1250 1314 1284 1349 in
1309 1327 1375 1362 qua

340 1367 514 1402 moriendo
528 1368 692 1402 Dominus
706 1381 809 1416 genus
828 1367 964 1403 redemit
980 1368 1181 1412 humanum3
1199 1366 1277 1402 dicit
1285 1369 1374 1403 enim

339 1421 372 1454 in
391 1420 586 1469 Evangelio:
607 1437 623 1452 <r
643 1424 732 1468 5³0¹st
744 1435 872 1468 granum
888 1423 1038 1467 frumenti
1055 1422 1164 1455 cadens
1179 1425 1210 1455 in
1227 1434 1335 1456 terram
1351 1428 1360 1444 ¹

340 1487 485 1509 mortuum
503 1478 616 1520 fuerit,
640 1477 735 1520 ipsum
763 1487 861 1509 manet
874 1475 1005 1521 solum»
1038 1476 1180 1520 (Ioann.,
1207 1484 1273 1519 XII,
1299 1478 1371 1522 24).

339 1527 484 1562 Christus
514 1527 631 1563 dicitur
658 1541 798 1576 granum
821 1527 985 1572 frumenti,
1009 1528 1084 1575 quia
1106 1540 1147 1562 eo
1170 1528 1322 1573 fruemur,
1339 1529 1374 1563 &

340 1580 458 1616 dicitur
481 1595 630 1629 granum,
655 1582 742 1628 quia,
766 1580 843 1615 ficut
867 1594 1006 1629 granum
1030 1581 1182 1616 frumenti
1199 1582 1243 1616 est
1260 1581 1372 1617 candi-

340 1633 420 1669 dum
439 1635 571 1669 interius
584 1636 618 1669 ὅ(
631 1633 852 1669 rubicundum
866 1635 1012 1695 exterius,
1025 1633 1066 1669 fic
1082 1634 1226 1670 Christus
1242 1637 1373 1671 interius

339 1687 498 1723 candidus
516 1701 573 1736 per
591 1689 823 1723 innocenciam
835 1690 870 1723 &
882 1689 1112 1736 virginitatem,
1123 1690 1158 1723 &
1174 1688 1372 1726 rubicundus

340 1740 399 1774 fuit
416 1742 551 1775 exterius
569 1742 601 1776 in
619 1754 714 1777 cruce
731 1754 790 1789 per
807 1742 977 1789 proprium
995 1742 1196 1790 sanguinem.
1216 1745 1247 1778 {n
1266 1755 1371 1791 grano

340 1794 496 1828 frumenti
513 1794 556 1828 est
575 1794 718 1840 quedam
736 1795 816 1828 rima
835 1793 946 1841 quafi'
938 1808 1021 1830 inter
1032 1794 1112 1840 duo,
1130 1809 1193 1843 que
1210 1796 1372 1840 uniuntur,

340 1845 381 1880 fic
403 1847 503 1881 lunt
495 1860 528 1881 m
552 1847 682 1882 Christo
706 1846 770 1882 due
799 1859 921 1891 nature,
948 1848 1068 1883 scilicet
1086 1849 1148 1883 Dei
1165 1850 1199 1884 &
1216 1849 1371 1894 hominis,

340 1911 403 1946 que
422 1901 455 1935 in
469 1913 509 1934 eo
524 1901 686 1935 uniuntur.
705 1900 849 1935 Christus
867 1901 955 1935 enim
973 1902 1017 1936 est
1034 1915 1126 1937 verus
1138 1903 1226 1937 Deus
1236 1904 1371 1938 &verus
1385 1913 1408 1934 Α
1420 1909 1435 1933 f-
1447 1917 1476 1941 57
1485 1910 1508 1942 b,
1518 1919 1538 1936 e.
1552 1917 1572 1935 ι.

339 1952 454 1997 homo,
486 1954 563 2000 quia
580 1955 624 1988 est
641 1954 735 2002 gigas
753 1954 884 2002 gemine
903 1954 1090 1991 substancie.
1125 1956 1213 1990 Sicut
1230 1969 1370 2004 granum

340 2005 492 2040 frumenti
511 2007 642 2042 molitur
659 2008 692 2042 in
711 2007 800 2042 mola
817 2008 899 2042 inter
912 2007 996 2043 duos
1012 2008 1149 2056 lapides,
1167 2008 1209 2044 fic
1226 2009 1371 2045 Christus

339 2060 373 2093 in
391 2072 485 2094 cruce
503 2061 585 2095 inter
602 2060 685 2095 duos
703 2060 856 2109 populos,
879 2061 997 2097 scilicet
1021 2062 1185 2098 Iudaicum
1202 2064 1237 2098 &
1254 2064 1372 2099 Genti-

379 2149 388 2167 1
405 2140 505 2167 Cadens
518 2140 541 2167 in
553 2147 643 2168 terram
657 2141 717 2167 add.
733 2149 760 2166 οι.

1603 1274 1621 1371 fau-O
1615 1248 1618 1267 -
