1624 2788
123 1920 139 1943 f.
153 1927 182 1951 ³⁰
192 1921 214 1944 b.

436 206 487 232 DE
505 207 681 233 IOHANNE
699 207 800 234 REGE
818 208 1046 235 IERUSALEM.
1201 212 1262 250 123

239 328 381 361 crucem,
410 328 446 352 ut
469 316 534 362 ille,
562 317 619 364 qui
643 317 678 352 in
703 330 741 352 ea
767 317 936 366 pependit,
962 318 1145 355 ostenderet
1171 320 1266 357 nobis
1283 332 1341 355 ηις

238 370 340 414 viam,
370 383 430 418 per
447 382 547 417 quam
563 370 808 418 imponeremus
832 384 943 417 naves,
972 373 1007 407 &
1024 373 1057 408 in
1074 373 1134 408 illis
1152 373 1266 410 diebus

236 423 403 470 inspiravit
427 424 517 458 Deus
534 422 700 471 quendam
727 423 908 470 hominem,
931 427 966 461 &
989 426 1116 462 acceffit
1143 427 1187 462 ad
1205 427 1266 463 do-

238 476 366 511 minum
392 476 538 525 legatum
562 478 597 512 &
623 476 704 512 dixit
729 478 776 513 ei:
803 481 935 513 Domine
960 482 1013 523 mi,
1040 481 1165 527 desuper
1190 485 1266 517 milii

238 531 416 576 inspiratum
433 533 482 575 est,
500 543 532 565 ut
540 533 649 576 facere
666 532 799 574 debeam,
829 545 861 566 ut
878 535 1066 579 imponantur
1089 547 1179 569 naves
1197 536 1266 570 ille-

232 584 275 627 se.
293 582 328 618 Et
345 582 543 631 respondens
562 582 716 619 dominus
734 584 878 633 legatus:
900 587 1059 632 Qidquid
1075 589 1133 622 tibi
1150 590 1265 624 revela-

235 648 296 670 tum
314 639 364 682 est,
381 638 441 682 fac
464 639 526 671 cito
548 636 579 670 ἃ
591 640 656 683 fine
677 651 761 672 mora
770 640 783 671 !
810 638 879 685 Qi
900 638 1006 673 statim
1028 652 1145 675 terram
1175 655 1265 677 men-

235 688 352 724 suravit
376 690 412 724 ὅ(
434 701 492 736 per
521 688 668 724 medium
695 691 850 726 exercitus
877 692 982 727 statuit
1009 692 1078 728 fieri
1105 707 1265 742 magnum

235 739 395 777 fossatum.
425 741 480 776 Ad
501 741 594 789 quod
618 742 806 779 faciendum
824 744 950 793 legatus
967 747 1002 780 ὅς
1024 759 1078 781 rex
1096 759 1172 782 cum
1190 761 1263 783 om-

234 793 327 830 nibus
341 794 552 843 principibuS‚
569 795 691 830 clericis
714 798 748 831 δε
764 797 854 832 laicis
874 798 907 833 in
926 800 1098 835 occursum
1116 813 1263 836 cucurre-

233 859 318 891 runt,
337 849 372 883 δι
387 849 454 884 cito
473 848 598 883 faetum
615 849 668 884 est.

279 901 345 936 X11.
362 900 453 936 Cum
469 914 579 936 autem
597 902 827 950 cogitaremus,
846 905 981 951 qualiter
999 919 1057 954 per
1073 907 1180 954 ipsum
1198 908 1261 942 fos-

231 953 337 989 satum
363 956 438 990 vasa
463 956 571 991 nostra
599 957 856 1004 imponeremus,
888 959 923 993 in
950 959 1029 994 festo
1071 960 1158 995 Beati
1193 962 1261 996 An-

232 1005 308 1041 dree
339 1019 412 1043 orta
440 1009 485 1043 est
515 1021 606 1044 tanta
634 1010 805 1057 tempestas
832 1012 866 1045 in
897 1014 981 1056 ae're,
1013 1012 1105 1059 quod
1134 1026 1202 1048 tam
1227 1015 1260 1049 in
1275 1026 1335 1049 Nov.
1349 1033 1383 1056 30,

231 1060 501 1108 experfecucione
511 1075 686 1098 ventorum
700 1076 800 1110 quam
813 1064 1138 1112 superhabundancia
1152 1067 1261 1114 pluvie

232 1125 300 1148 tam
329 1126 420 1149 mare
436 1115 598 1160 intumuit,
637 1116 672 1150 &
692 1114 808 1151 fluvius
829 1116 963 1164 paradisi
990 1117 1129 1154 similiter
1151 1122 1260 1165 crevit,

231 1166 324 1214 quod
336 1179 406 1203 non
419 1166 659 1204 discernebatur
673 1168 707 1217 [a
719 1169 826 1218 mari],
838 1172 873 1205 δε
886 1184 972 1218 aqua
988 1184 1056 1207 tota
1069 1173 1262 1208 amariffima

231 1220 276 1255 est
293 1220 391 1266 facia,
407 1222 442 1256 &
459 1223 574 1257 omnia
591 1224 731 1258 tentoria
748 1223 850 1259 frasta
862 1225 895 1259 in
914 1237 996 1260 terra
1013 1225 1209 1272 ceciderunt,
1226 1228 1261 1262 ὅ(

231 1285 318 1309 totus
343 1275 499 1310 exercitus
526 1275 629 1311 fastus
661 1276 705 1311 est
731 1289 799 1311 tam
823 1278 923 1323 lacus,
953 1278 1046 1325 quod
1076 1281 1188 1315 omnia
1216 1279 1260 1315 ibi

229 1325 396 1371 natabant,
424 1329 459 1363 &
474 1326 516 1363 sic
535 1330 638 1376 paniS,
666 1330 790 1374 vinum,
818 1330 1028 1376 frumentum,
1056 1332 1205 1379 ordeum,
1226 1335 1260 1368 &

229 1383 348 1417 cunila
359 1381 510 1417 vieiualia
524 1382 681 1418 natabant
697 1384 731 1418 in
744 1397 840 1431 aqua.
864 1383 909 1419 lbi
922 1385 1015 1420 multi
1032 1385 1151 1422 infirmi
1170 1400 1259 1422 mor-

230 1436 276 1470 tui
295 1435 377 1479 sunt,
395 1436 430 1470 &
448 1436 553 1470 eciam
572 1436 678 1483 plures
696 1437 762 1472 sani
785 1436 983 1474 defecerunt.
1017 1441 1083 1474 Aer
1102 1439 1259 1488 siquidem

230 1486 384 1523 obscurus
396 1488 528 1524 effecius
542 1490 596 1535 est,
614 1492 657 1526 ita
672 1490 764 1538 quod
779 1504 862 1527 unus
879 1492 1017 1527 alterum
1030 1506 1099 1528 non
1118 1493 1257 1530 videbat.

231 1543 263 1575 ln
281 1541 339 1576 illo
356 1541 408 1577 die
426 1543 478 1578 sex
493 1556 602 1587 naves,
621 1556 685 1590 que
702 1543 791 1591 apud
807 1545 996 1580 Damiatam
1014 1559 1168 1582 venerant
1180 1547 1257 1593 hye-

230 1607 319 1629 mare
337 1594 519 1640 nobiscum,
544 1597 671 1644 inpulsu
691 1609 864 1632 ventorum
883 1597 946 1634 sine
969 1599 1046 1634 velis
1064 1601 1098 1635 &
1116 1602 1257 1649 remigiis

228 1648 418 1696 sequestrate
431 1649 504 1684 sunt
521 1663 541 1684 a
558 1662 656 1697 portu
673 1651 707 1685 ὅ(
728 1651 762 1685 in
779 1651 890 1686 medio
910 1652 1018 1700 pelagi
1035 1653 1118 1698 sunt,
1138 1666 1172 1689 ut
1189 1667 1257 1690 cre-

229 1700 348 1746 dimus,
374 1702 596 1750 conquassate.
627 1704 700 1739 Una
724 1718 763 1739 ex
780 1705 840 1740 illis
858 1706 957 1741 fratsta
978 1707 1036 1742 fuit
1054 1720 1129 1743 ante
1147 1709 1257 1743 Tami-

227 1752 319 1799 sium,
343 1756 378 1790 &
402 1757 519 1804 viginti
535 1757 696 1801 marinarij
714 1756 759 1792 ibi
785 1757 959 1806 decapitari
979 1761 1116 1796 fuerunt.
1144 1764 1176 1796 ln
1204 1761 1257 1797 illa

229 1806 281 1843 die
311 1809 506 1856 tempestatis
535 1809 679 1857 quedam
709 1811 913 1847 munitiffime
943 1826 1052 1859 naves,
1083 1827 1147 1861 que
1180 1828 1256 1850 cum

228 1873 352 1910 magno
371 1863 406 1896 &
423 1863 567 1897 maximo
592 1862 703 1898 labore
720 1865 755 1899 &
771 1863 904 1900 infinitis
930 1865 1073 1914 expensis
1099 1880 1159 1915 pro
1178 1869 1254 1904 civi—

227 1925 292 1949 tate
316 1915 497 1950 conster
526 1915 663 1960 fuerunt,
682 1916 875 1964 impulsione
892 1920 980 1955 venti
1004 1921 1038 1954 in
1064 1933 1155 1968 parte
1173 1922 1252 1957 civi-

227 1967 299 2002 tatis
315 1969 459 2015 proiecle
473 1969 556 2013 sunt,
584 1982 664 2016 quas
686 1970 791 2005 statim
816 1984 890 2007 ante
912 1973 1026 2008 oculos
1044 1974 1169 2009 nostros
1187 1988 1253 2010 cre-

227 2033 406 2056 maverunt.
436 2021 534 2058 Unde
560 2022 676 2058 acerbe
703 2023 938 2073 plangebamus
966 2039 1081 2062 omnes
1111 2027 1253 2063 dicentes

227 2073 306 2109 alter
332 2074 375 2110 ad
399 2075 553 2111 alterum:
594 2078 679 2123 Qid
695 2080 849 2123 faciemus
876 2082 948 2114 hic?
978 2083 1076 2116 Iratus
1104 2085 1142 2128 <ft
1169 2084 1253 2118 Deus
