1624 2788
349 255 398 292 40
811 252 937 278 GESTA

279 373 338 396 1²18
354 362 396 397 de
410 363 502 398 turris
516 361 661 397 eiusdem
673 361 838 410 superficie
850 361 918 397 visa
930 361 1002 396 sunt
1014 358 1186 396 excuffiffe.
1200 359 1292 408 Qid
1302 373 1383 409 ergo

353 416 415 452 viri
432 416 557 451 virtutis
575 417 723 464 agerent!
750 415 834 449 Miro
852 415 987 463 ingenio
1006 413 1197 462 magnisque
1219 412 1384 449 laboribus

353 471 387 504 δε
413 467 556 518 expensis
586 468 668 503 scale
696 468 760 503 due
784 468 877 515 super
902 480 1011 512 naves,
1040 480 1121 514 quas
1145 467 1250 501 verius
1267 478 1385 515 pontes

353 521 591 570 nuncupandas
608 522 737 566 censeo,
762 520 989 566 extenduntur,
1012 520 1066 556 sed
1090 522 1172 556 heu!
1200 519 1586 556 festinanciav-‚f-6102c·2-

353 577 560 624 precipitavit
586 588 689 623 opus3
718 588 808 620 nam,
835 587 911 610 eum
936 574 979 609 ad
1006 575 1119 609 turrim
1146 575 1212 609 iam
1230 572 1387 622 applicari

354 628 547 672 debuiss'ent‚
574 629 664 664 fraffl
687 629 759 663 sunt
780 628 869 673 mali,
894 628 1010 663 milites
1037 640 1172 675 quoque
1198 629 1233 662 ὅ(
1260 625 1387 661 nobiles

354 684 493 728 sai-ianti,
521 696 541 717 a
563 681 713 730 predicto
738 694 842 730 ponte
866 681 1030 726 cadentes,
1058 693 1121 729 pro
1152 679 1247 715 nobis
1273 679 1387 715 melius

353 736 529 784 pugnaturi
545 735 651 771 celesti
665 736 752 770 curie
764 748 823 783 per
840 734 1030 780 martyrium
1047 734 1120 769 sunt
1138 732 1247 769 oblati.
1266 734 1306 768 Ex
1323 733 1388 768 hoc

354 790 442 825 facto
456 790 632 833 Sarraceni,
646 789 679 824 in
697 790 772 824 Deo
791 789 848 822 suo
866 788 1056 823 Mahumeth
1074 787 1221 833 animati,
1240 799 1388 835 pugnarn

355 843 450 878 nobis
468 841 688 878 minabantur.

403 899 423 933 E
449 910 564 933 contra
583 897 760 945 templarij,
787 898 821 931 in
847 897 944 931 armis
962 896 1178 944 imperterriti,
1208 895 1389 943 militesque

355 952 552 1000 hospitalarij
579 965 655 986 cum
680 950 859 999 peregrinis
883 950 916 984 in
945 950 1115 984 occursum
1137 951 1181 985 eis
1198 950 1333 985 veniunt
1355 950 1390 984 ἅ

356 1006 539 1050 inveniunt,
568 1004 623 1039 sed
649 1003 691 1039 ad
719 1005 863 1051 primum
881 1001 1090 1051 congressum
1112 1002 1167 1048 filij
1193 1003 1389 1051 perdicionis

357 1072 448 1108 terga
460 1070 591 1094 vertunt
604 1058 744 1106 inglorii,
762 1056 926 1104 quosdam
939 1068 1050 1091 tamen
1064 1055 1191 1091 nobiles
1208 1057 1307 1091 nostri
1320 1056 1390 1091 reli-

358 1125 498 1161 querunt
511 1112 646 1147 occisos.
665 1110 795 1146 Deinde
809 1109 1008 1158 blasphemia
1026 1108 1177 1155 cessante,
1196 1123 1297 1157 quam
1314 1123 1390 1145 cum

358 1167 419 1201 suis
433 1164 691 1214 predicatoribus
699 1164 880 1212 patriarcha
893 1164 1107 1211 compescuit,
1125 1163 1167 1198 ad
1181 1176 1284 1199 novas
1293 1163 1390 1198 struc-

360 1232 458 1264 turas,
467 1218 628 1268 prioribus
640 1219 805 1262 forciores,
812 1218 972 1253 reversum
983 1218 1034 1252 est.
1044 1217 1242 1252 Theutonici
1250 1229 1342 1266 ergo,
1348 1215 1392 1252 ad

360 1274 472 1309 omnia
485 1272 726 1321 promptiffimi‚
743 1273 777 1307 &
789 1272 929 1306 frisones
948 1271 1077 1305 hortatu
1098 1271 1241 1320 magistri
1255 1271 1391 1314 Oliverij

360 1325 567 1362 Coloniensis
585 1326 740 1361 scolastici
758 1338 796 1361 ex
821 1325 909 1373 puris
929 1324 1141 1370 eleemosynis
1159 1324 1242 1359 duos
1261 1336 1392 1372 emptos

360 1394 531 1430 coggones
553 1379 706 1415 subtiliter
723 1380 973 1422 coniunxerunt,
995 1378 1030 1412 in
1052 1377 1168 1425 quibus
1186 1378 1280 1426 super
1299 1389 1392 1424 quat-

361 1447 435 1470 tuor
452 1435 556 1469 malos
571 1447 709 1482 pontem
724 1435 759 1468 δε
775 1431 1062 1480 propugnaculum
1076 1432 1160 1466 miro
1174 1431 1310 1466 artificio
1329 1430 1391 1466 dis-

360 1500 531 1536 ponenteS,
540 1488 623 1535 ipsas
636 1487 741 1522 eciam
754 1499 852 1522 naves
866 1498 980 1521 contra
993 1486 1107 1534 ignem
1121 1486 1156 1520 &
1169 1484 1393 1520 machinarum
1406 1493 1447 1522 v.‚
1458 1491 1495 1516 ἢὸ
1504 1497 1564 1521 vm.
1575 1498 1594 1515 ι.

360 1542 485 1590 lapides
495 1542 691 1586 munierunt,
703 1539 939 1588 completoque
953 1540 1019 1574 iam
1032 1551 1143 1586 opere,
1161 1538 1248 1574 mille
1262 1538 1392 1573 sexcen-
1408 1548 1442 1578 3.,
1454 1555 1537 1580 p.229‚
1552 1555 1571 1570 e.
1583 1554 1602 1570 1.

362 1608 467 1630 tarum
488 1608 672 1630 marcarum
690 1595 724 1629 in
743 1594 809 1628 eius
828 1593 1058 1641 complecione
1079 1593 1219 1627 excrevit
1236 1591 1392 1627 debitum.

362 1648 415 1685 Ad
436 1662 574 1696 quarum
601 1647 864 1696 persolucionem
886 1653 894 1669 ¹
914 1644 1120 1681 famosissime
1140 1645 1286 1680 Colonie
1316 1645 1394 1681 civis

362 1703 524 1739 Henricus
542 1702 583 1737 de
601 1701 772 1737 Hernothe
790 1699 980 1747 quindecim
997 1711 1122 1734 marcas
1143 1699 1210 1734 auri
1227 1699 1262 1733 δε
1279 1697 1395 1733 decem

363 1757 488 1805 argenti
508 1755 657 1800 contulit,
679 1755 735 1802 qui
752 1766 821 1788 non
845 1753 948 1801 longe
972 1753 1055 1800 post,
1074 1751 1264 1799 centuplum
1285 1763 1395 1798 recep-

364 1822 463 1853 turus,
482 1810 584 1845 vitam
600 1810 635 1843 in
650 1808 799 1843 Domino
822 1806 957 1841 feliciter
974 1805 1224 1840 consummavit.
1246 1804 1396 1840 Similiter

363 1862 424 1898 flos
442 1862 639 1906 Theutonie,
662 1861 696 1896 id
714 1861 758 1896 est
774 1873 885 1895 comes
905 1859 1045 1895 Adulfus
1061 1858 1102 1894 de
1120 1859 1231 1907 Berge,
1259 1859 1395 1893 franco-

364 1930 437 1951 rum
454 1916 606 1950 omnium
628 1926 728 1962 caput
749 1915 783 1948 &
799 1913 976 1958 frisonum,
996 1913 1030 1947 in
1047 1912 1138 1947 cuius
1156 1909 1291 1946 confilio
1309 1923 1395 1946 totus

365 1971 455 2018 spem
478 1970 568 2004 suam
590 1966 739 2016 ponebat
760 1966 926 2011 exercitus,
948 1965 1034 2000 felici
1054 1964 1119 2000 fine
1141 1963 1281 2008 decessit,
1307 1964 1396 1998 cuius

365 2021 434 2058 offa
464 2022 553 2070 apud
581 2021 739 2069 hospitale
770 2019 1054 2055 Theutonicorum
1075 2016 1298 2054 venerabiliter
1326 2017 1398 2052 sunt

404 2111 414 2126 x
436 2102 509 2127 Locus
524 2101 665 2135 perversus
688 2099 806 2132 videtur;
830 2100 857 2125 B.
921 2104 990 2131 tum3
1005 2099 1032 2123 V.
1046 2097 1138 2123 omittit.

366 2142 441 2168 habet
465 2141 490 2166 in
515 2140 628 2174 margine
657 2139 765 2166 excrevit
789 2138 859 2165 debi-
