1624 2788
385 273 433 311 74
834 270 961 298 GESTA

316 391 373 414 ¹2¹8
387 384 644 419 Christianorum
651 385 803 428 exercitu,
816 384 870 431 qui
879 385 912 418 in
922 381 1411 431 auxilioTerreSanReproficis-

387 437 553 483 cebantur‚
566 439 598 473 in
608 450 725 473 terram
735 438 973 485 Egiptiintrare‚
981 450 1115 485 gentem
1124 449 1258 485 quoque
1267 437 1411 485 Pagano-

386 505 459 526 rum
468 493 502 526 &
515 493 765 527 sarracenorum
778 498 786 514 ¹
802 491 929 539 penitus
941 498 955 513 ²
967 490 1136 539 subiugare
1146 492 1181 526 δ(
1195 489 1410 538 suppeditare.

436 547 468 580 11.
494 545 711 593 Cognoscant
729 542 874 589 universi,
892 543 935 579 ad
954 556 1038 591 quos
1055 544 1116 579 hec
1130 544 1283 591 scriptura
1300 556 1412 591 perve-

386 599 478 643 nerit,
497 597 587 646 quod
604 599 637 633 in
651 597 824 633 medietate
836 604 848 627 ³
861 596 976 632 mensis
991 596 1092 642 Madij
1107 597 1280 632 Christiani
1297 609 1413 631 omnes

385 653 418 686 in
447 651 583 687 navibus
613 650 827 686 ascenderunt
860 652 894 686 &
923 651 955 686 in
987 651 1133 697 sequenti
1166 649 1403 685 hebdomada4

266 713 320 736 Mai.
333 721 370 744 29.
385 705 534 753 quodam
556 705 608 740 die
626 706 736 740 Martis
759 706 794 740 in
811 717 930 741 terram
952 705 1058 753 Egipti
1075 705 1282 740 intraverunt.
1300 703 1414 738 Castra

385 758 519 806 quidem
543 760 597 794 sua
617 771 722 807 prope
740 760 905 794 civitatem
926 758 1078 793 Damiate
1099 757 1271 803 fixerunt‚5
1292 758 1327 792 in
1349 771 1414 805 qua

384 813 483 847 etiam
507 813 634 847 civitate
656 812 755 847 Maria
776 811 956 861 Egyptiana
973 812 1007 845 &
1025 811 1150 857 Moyses
1178 811 1269 847 suam
1293 810 1414 847 habue-

384 879 457 901 runt
485 866 656 914 originem.
683 865 909 900 Castrametati
931 877 1042 900 autem
1067 865 1195 900 fuerunt
1218 866 1251 900 in
1271 864 1414 913 quadam
1462 869 1464 871 ’

383 919 485 954 insula
502 920 585 954 inter
600 932 688 954 mare
706 919 740 953 &
758 917 893 954 fluvium
912 917 1056 963 Paradifi,
1081 919 1138 965 qui
1149 919 1162 941 ⁶
1176 917 1292 954 dicitur
1308 919 1412 962 Cion,

384 986 422 1007 ex
440 984 530 1020 parte
548 972 704 1007 meridiei.
725 974 757 1006 ln
775 984 840 1018 qua
856 971 958 1006 insula
975 971 1136 1019 propheta
1157 973 1304 1008 Ieremias
1321 984 1414 1008 natus

384 1026 453 1071 fuit,
471 1027 505 1061 δε
523 1025 615 1073 quod
628 1025 693 1060 hoc
713 1024 747 1060 fit
761 1038 874 1061 verum
892 1027 926 1060 &
944 1023 1107 1070 credibile,
1124 1025 1229 1073 potest
1246 1026 1414 1074 cognosci,

384 1081 461 1127 quia
479 1080 598 1115 domus
619 1081 685 1114 eius
699 1079 800 1127 usque
818 1080 850 1113 in
865 1078 1045 1127 presentem
1058 1086 1071 1108 7
1084 1077 1173 1113 diem
1184 1091 1334 1127 apparet,
1351 1092 1416 1127 que

384 1133 502 1168 domus
517 1134 645 1168 Ieremie
658 1133 819 1181 prophete
833 1132 952 1168 domus
966 1133 1009 1167 est
1024 1131 1119 1168 dieta.
1134 1132 1267 1168 Gaudia
1281 1146 1415 1181 quoque

384 1188 419 1222 &
443 1186 677 1231 tribulationes,
711 1186 871 1234 paffiones
888 1188 923 1221 δε
943 1186 1117 1235 languores
1146 1186 1159 1209 ⁸
1173 1198 1271 1234 atque
1292 1186 1416 1223 diversa

384 1252 557 1286 tormenta,
573 1253 637 1288 que
658 1240 832 1275 Christiani
848 1241 881 1274 in
901 1240 971 1287 ipso
994 1241 1133 1275 exercitu
1151 1252 1379 1287 permanentes
1400 1247 1415 1271 ⁹

384 1293 461 1342 paffi
486 1294 625 1339 fuerunt,
654 1292 835 1343 legentibus
857 1295 891 1329 &
910 1292 1115 1329 audientibus
1141 1292 1290 1340 breviter,
1317 1305 1416 1342 prout

385 1348 595 1395 potuerimus,
615 1360 654 1383 ex
671 1359 763 1395 parte
780 1359 943 1395 exponere
960 1348 1201 1395 proposuimus.
1211 1354 1239 1371 ¹0

433 1403 476 1436 111.
496 1401 565 1436 Erat
579 1402 702 1448 quippe
715 1401 827 1436 civitas
840 1400 893 1435 illa
902 1399 959 1435 situ
970 1402 1005 1435 &
1014 1413 1080 1436 arte
1090 1400 1267 1446 forciffima,
1276 1400 1414 1437 turribus
1429 1409 1454 1432 Ρ.
1471 1408 1488 1432 f.
1507 1409 1549 1433 108
1561 1410 1591 1432 Α.

383 1456 418 1489 &
431 1455 529 1489 muris
547 1466 646 1501 atque
664 1453 748 1489 foffis
761 1455 795 1489 &
808 1453 949 1489 fluminis
965 1454 1090 1501 impetu
1107 1454 1244 1499 munita,
1262 1455 1307 1490 ita
1323 1454 1416 1502 quod

385 1508 499 1556 aliquis
513 1509 566 1543 vix
579 1507 622 1543 ad
636 1508 739 1556 ipsam
753 1519 883 1555 poterat
892 1506 1048 1542 accedere
1061 1507 1236 1543 civitatem.
1256 1510 1289 1543 In
1302 1508 1416 1544 medio

383 1574 493 1597 autem
503 1560 598 1609 ipsius
612 1560 754 1596 fluminis
768 1561 912 1609 quedam
922 1560 1130 1597 munitiffima
1139 1569 1164 1585 ¹¹
1174 1562 1265 1597 turris
1274 1562 1415 1611 cognos-

384 1617 465 1651 citur
492 1616 586 1663 super
615 1615 803 1664 lignaminis
833 1616 1022 1664 congeriem
1056 1615 1127 1650 fore
1153 1614 1320 1660 fabricata,
1351 1629 1416 1663 que

384 1669 490 1704 multis
518 1669 677 1704 machinis
703 1681 771 1704 erat
796 1669 933 1713 munita,
971 1668 1075 1704 taliter
1101 1668 1194 1716 quod
1218 1668 1332 1716 aliquis
1358 1681 1416 1717 per

383 1721 478 1770 ipsius
505 1721 647 1757 fluminis
672 1721 776 1757 undas
793 1721 836 1757 ad
854 1723 1042 1757 Damiate¹²
1052 1722 1215 1757 civitatem
1233 1723 1414 1771 appropin-

385 1789 484 1823 quare
507 1775 675 1822 nequibat.
689 1782 714 1806 ¹3
732 1778 765 1810 ln
778 1776 868 1810 cuius
885 1776 976 1811 turris
991 1774 1179 1811 defensione
1199 1789 1281 1811 unus
1298 1777 1414 1812 amira-

383 1830 454 1876 gius
465 1842 525 1876 pro
539 1836 567 1858 ¹4
584 1827 682 1876 ipsius
698 1830 790 1864 turris
807 1830 990 1864 munitione
1007 1841 1085 1864 cum
1101 1841 1234 1864 centum
1248 1827 1413 1874 militibus,

383 1880 546 1917 balistariis
555 1888 579 1912 ¹5
591 1884 625 1917 &
638 1883 663 1905 ¹⁶
682 1883 850 1931 lagittariis
863 1883 971 1918 multis
989 1895 1050 1932 pro
1065 1884 1130 1918 eius
1147 1882 1292 1918 custodia
1305 1882 1414 1918 existe·
1428 1891 1462 1914 M·
1473 1889 1489 1913 f-
1501 1891 1528 1914 ⁶¹
1541 1890 1569 1914 c-

423 1972 432 1987 1
448 1963 482 1988 D.
500 1963 525 1988 in
535 1963 560 1987 P.
577 1978 610 1981 —
624 1972 638 1988 2
653 1962 767 1996 Rsuppl.
781 1979 815 1982 —
830 1972 842 1995 3
858 1965 894 1989 M.
912 1963 1003 1989 media.
1018 1978 1051 1982 —-
1065 1973 1083 1996 4
1096 1964 1120 1989 P.
1134 1963 1286 1990 ebdomada.
1303 1979 1335 1984 —
1350 1966 1411 1999 5M.

386 2002 518 2028 finxerunt.
540 2018 573 2022 ——
592 2006 606 2028 6
620 2004 647 2029 P.
663 2003 739 2037 quod.
756 2018 788 2023 -
804 2013 817 2034 7
832 2005 869 2030 M.
886 2004 1041 2038 praesentem.
1055 2019 1090 2022 —
1103 2007 1117 2030 8
1132 2004 1288 2038 Rlangores.
1304 2021 1339 2025 —
1358 2016 1372 2039 9
1387 2008 1412 2033 P.

385 2052 428 2068 om.
442 2058 476 2061 -
492 2052 521 2067 ιο
538 2044 562 2069 Ρ.
580 2042 638 2076 legit
664 2052 786 2077 exponere
799 2045 822 2069 δι
835 2053 850 2069 a
864 2051 934 2078 parte
947 2044 1086 2078 posuimus;
1105 2045 1142 2070 M.
1157 2053 1186 2070 ex
1199 2051 1270 2079 parte
1284 2054 1376 2079 ponere
1388 2048 1412 2073 δι

385 2082 450 2115 apud
470 2082 653 2115 proposuimus.
676 2097 708 2101 —
732 2092 758 2107 11
774 2083 799 2108 P.
814 2092 860 2109 om.
885 2083 991 2117 quedam
1010 2083 1177 2109 munitiffima.
1201 2099 1235 2103 —
1258 2093 1285 2109 12
1298 2085 1335 2110 M.
1351 2084 1413 2110 Dal-

386 2121 460 2146 miate
467 2121 644 2156 ficutsemper.
666 2137 701 2141 —-
725 2131 754 2154 ¹3
769 2123 807 2148 M.
821 2123 955 2156 nequiebat
969 2123 1083 2156 &suppL
1099 2122 1173 2148 intus.
1190 2138 1224 2142 —
1247 2132 1277 2155 14
1295 2124 1320 2149 P.
1335 2124 1410 2150 &M

386 2169 461 2186 unum
477 2160 647 2195 Amiragium.
661 2177 694 2181 -
711 2171 749 2194 ¹5·
764 2163 790 2188 P.
806 2162 949 2188 ballistariis.
964 2177 999 2181 —
1016 2165 1055 2188 1⁶.
1069 2163 1096 2188 P.
1110 2163 1170 2189 add.
