1624 2788
514 214 553 239 IN
572 213 770 240 OBSIDIONE
787 213 985 240 DAMIATE.
1198 215 1235 254 15
1245 214 1262 253 ς

236 324 339 359 satum
352 323 506 359 nostrum.
520 323 659 372 Qanto
671 335 782 359 autem
795 324 898 358 acrius
912 337 973 359 nos
990 323 1263 372 expugnabamus
1281 341 1339 364 ηις

235 378 411 421 civitatem,
437 388 529 412 tanto
552 376 624 424 plus
650 376 706 424 ipfi
727 376 771 412 ab
792 378 933 412 exercitu
951 377 1078 413 soldani
1095 390 1264 426 expugna-

236 427 359 465 bamur.
378 430 456 464 Hoc
469 429 591 465 bellum
608 430 668 465 fuit
684 429 864 465 biduanum
878 443 954 465 cum
973 443 1127 478 quattuor
1141 430 1262 467 occifis.

237 484 270 516 ln
288 481 408 517 foffato
431 495 541 518 autem
566 483 666 531 aliqui
690 482 730 518 de
749 484 862 518 nostris
889 485 1008 518 mortui
1038 484 1182 529 fuerunt3
1211 485 1263 530 ahj

235 535 311 583 igne
334 534 504 580 combusti,
531 536 584 580 alij
609 535 771 583 lapidibus
795 535 914 581 obruti,
941 537 992 581 alij
1019 536 1184 582 decollati,
1210 537 1262 583 alij

235 588 355 636 sagittis
374 588 492 624 confixi
517 590 598 625 sunt.
629 588 777 638 Qidam
795 602 904 625 autem
922 591 1125 633 Sarracenus,
1153 591 1261 626 exiens

235 639 276 676 de
293 642 431 686 civitate,
456 643 562 678 retulit
577 642 682 686 nobis,
710 642 802 690 quod
819 644 902 678 intra
920 644 1083 679 civitatem
1097 645 1178 678 inter
1194 645 1263 680 vul-

234 706 364 730 neratos
387 697 422 730 &
446 707 593 730 mortuos
612 697 792 743 computati
823 696 951 731 fuerunt
969 697 1141 744 plusquam
1158 698 1263 732 offin-

233 749 333 795 genti.
359 748 422 793 Alij
449 761 569 794 autem,
594 748 635 784 de
661 749 737 783 foris
756 750 932 793 venientes,
962 751 1110 797 quintam
1135 762 1263 798 partem

232 800 363 836 illorum
399 815 467 838 tam
497 802 670 837 hominum
697 815 796 850 quam
822 816 984 850 equorum
1002 804 1155 850 occisam,
1182 803 1261 839 asse—

233 866 373 890 ruerunt.

281 907 406 943 XXXll.
434 910 550 943 lterum
573 910 721 958 precepit
747 909 902 945 dominus
923 910 1060 958 legatus,
1089 911 1132 946 ad
1153 912 1261 947 menia

232 961 367 996 civitatis
385 961 508 996 trahere
525 974 639 997 cattos.

450 1070 500 1102 De
507 1070 640 1114 secunda
657 1072 794 1104 civitatis
810 1074 1041 1117 oppugnatione.

280 1177 377 1224 Igitur
390 1176 506 1223 quinto
524 1176 655 1211 decimo
673 1177 824 1212 calendas
838 1179 973 1226 Augusti
991 1178 1174 1214 trahebatur
1192 1192 1257 1215 cat·
1271 1192 1313 1215 lui.
1327 1193 1361 1216 ιε,

230 1239 280 1263 tus
297 1241 379 1263 unus
403 1227 447 1263 ad
466 1228 630 1264 fossatum.
658 1230 772 1278 Egreffi
799 1243 909 1265 autem
927 1232 1046 1280 Pagani
1063 1245 1139 1266 cum
1158 1246 1258 1268 manu

230 1280 337 1316 valida
354 1281 439 1316 sexm
454 1282 533 1317 hora
551 1282 626 1327 diei,
648 1282 827 1319 deferentes
845 1284 935 1332 ligna
948 1286 982 1319 &
994 1285 1117 1333 ignem,
1135 1298 1258 1321 cattum

207 1377 211 1380 η
230 1334 375 1369 nostrum
384 1335 523 1370 ferreum
532 1348 767 1380 cremaverunt,
782 1336 823 1372 de
836 1338 926 1372 cuius
938 1339 1106 1373 amissione
1117 1341 1259 1374 maxime

231 1385 392 1423 doluimus
408 1401 480 1432 nos,
500 1390 535 1423 ὅ(
551 1389 635 1423 intus
652 1390 792 1424 maxime
808 1389 991 1426 letabantur
1008 1391 1062 1427 illi

279 1496 330 1528 ‘De
345 1497 439 1529 tercia
454 1498 672 1542 expugnatione
689 1495 719 1530 δ’
733 1497 858 1531 adventu
878 1499 1069 1543 Paganorum
1089 1500 1204 1533 οὸἶανο.

276 1600 415 1635 ΧΧΧΙΙΙ.
443 1603 475 1635 ln
499 1601 577 1635 festo
595 1602 710 1636 Samste
727 1602 942 1650 Margarethe‚
968 1604 1097 1637 armatis
1125 1604 1356 1638 cocchisluhw

229 1653 263 1687 &
284 1653 383 1701 galeis
411 1655 445 1688 &
471 1653 625 1699 barbotis‚
643 1654 817 1689 Christiani
842 1668 999 1691 venerunt
1027 1657 1145 1691 iterum
1167 1658 1255 1692 iuxta

230 1719 340 1740 muros
366 1707 512 1742 civitatis.
539 1708 704 1742 Sarraceni
728 1720 838 1743 autern
863 1721 939 1743 cum
957 1710 1101 1756 petrariis
1119 1712 1153 1744 ὃς
1176 1723 1254 1757 qua-

229 1759 310 1795 tellis
328 1761 362 1795 &
380 1759 551 1796 trabucetis
573 1760 744 1796 crudeliter
762 1762 792 1796 se
812 1761 1040 1806 defenderunt,
1067 1762 1121 1798 sed
1146 1764 1254 1799 Chris-

228 1814 305 1849 tiani
323 1814 442 1849 multos
460 1814 650 1850 occiderunt
666 1817 701 1850 &
717 1815 974 1851 vulneraverunt.
992 1816 1086 1851 Tunc
1103 1818 1195 1852 multi
1213 1818 1254 1853 de

228 1866 356 1902 civitate
368 1865 501 1912 flebant,
515 1868 574 1902 viri
593 1880 632 1902 ac
645 1868 804 1913 mulieres,
824 1870 915 1916 parvi
930 1870 964 1903 ὅ(
978 1871 1100 1917 magni,
1119 1871 1254 1918 capillos

227 1919 302 1954 suos
315 1919 487 1955 evellentes
501 1933 690 1968 nomenque
700 1922 763 1956 Dei
775 1922 820 1956 sui
829 1920 1089 1969 blasphemantes
1100 1925 1133 1958 ὅ(
1143 1923 1252 1959 dicen-

228 1985 288 2007 tes:
320 1974 349 2008 0
371 1975 479 2019 infelix
496 1976 691 2019 Wuclzomer,
715 1989 779 2009 ecce
797 1977 961 2020 Clzrtstiani
981 1979 1102 2022 capiunt
1122 1981 1252 2012 ‘Damia-

227 2039 288 2060 tam
305 2027 336 2061 6·
349 2041 403 2061 nos
417 2030 604 2072 interficient,
623 2042 781 2074 nomenque
801 2029 894 2063 Tuum
908 2042 965 2063 non
981 2032 1039 2064 erit
1055 2033 1104 2064 lu'c
1122 2032 1252 2076 amplius

229 2083 404 2124 invocatum,
434 2094 537 2116 nomen
560 2094 655 2116 autem
675 2084 738 2116 ‘Dei
757 2084 991 2128 Christianorum
1012 2086 1070 2117 erit
1091 2085 1250 2119 exaltatum
