1624 2788
347 256 389 292 18
748 264 964 290 ORDINACIO

343 377 432 418 toris,
450 375 526 416 &c.,
545 375 616 408 nolo
634 387 755 409 mortem
774 377 940 418 morientis,
959 375 1019 420 sed
1035 374 1116 417 volo,
1139 386 1171 408 ut
1187 385 1373 408 convertatur

343 427 374 461 δ’
393 430 487 462 vivat.
509 443 527 458 »

394 483 494 515 Item:
525 481 612 516 Sicut
636 480 725 527 spica
747 480 902 515 frumenti
923 480 1050 529 fulgure
1073 478 1220 528 percuss'a
1242 479 1319 514 fetet
1339 479 1373 513 &

344 534 460 569 nullius
488 534 542 578 est,
572 532 614 568 fic
632 535 666 568 &
684 533 787 567 homo
813 532 977 580 percuffus
1004 534 1132 582 fulgore
1157 533 1280 568 luxurie
1296 532 1374 566 fetet

342 589 377 622 &
404 587 520 622 nullius
550 587 593 621 est
619 588 653 621 ὃ(
676 586 719 621 est
746 585 900 621 obscurus
930 587 962 621 in
986 587 1127 634 peccatis
1153 588 1187 621 &
1212 598 1333 621 vacuus
1355 598 1374 620 a

342 642 454 688 gracia
479 640 542 676 Dei
566 641 600 675 δε
627 640 691 674 Dei
718 640 806 683 luce,
843 638 920 674 ficut
951 640 1038 687 spica
1065 640 1119 675 illa
1149 640 1242 688 nigra
1271 638 1315 673 est
1339 639 1374 672 &

342 707 455 729 vacua.

394 750 492 783 Item:
510 748 626 782 Homo
643 747 675 781 in
692 747 799 782 hieme
812 746 901 782 videt
914 747 1093 782 hanelitum
1110 747 1211 791 suum,
1229 746 1262 780 in
1278 745 1373 779 estate

344 814 572 848 nequaquam3
595 799 637 835 fic
660 800 763 835 homo
792 801 824 835 in
846 799 1033 836 adverfitate
1051 801 1085 834 ὅ(
1102 801 1134 834 in
1154 799 1277 834 miseria
1294 798 1373 845 seip-

345 855 414 889 sum
431 854 531 899 videt,
551 855 584 888 in
600 854 812 902 prosperitate
830 853 1022 889 diviciarum
1034 854 1069 887 &
1082 853 1186 888 carnis
1204 851 1373 899 voluptate

345 921 565 954 nequaquam.

393 964 470 996 Item
489 978 496 995 ε
514 961 602 995 Sicut
618 974 704 1007 aqua
730 959 849 995 cadens
867 961 901 994 in
924 973 1040 995 terram
1058 973 1127 995 non
1146 960 1311 995 revertitur
1329 958 1371 993 ad

342 1027 409 1057 vaS‚
438 1013 524 1049 unde
549 1014 656 1057 exivit,
686 1013 727 1048 fic
746 1027 807 1048 nec
824 1026 979 1061 peccator
999 1014 1182 1061 inpenitens
1209 1013 1374 1048 revertitur

343 1067 385 1102 ad
405 1069 528 1111 Deum,
546 1080 565 1101 a
582 1080 650 1114 quo
669 1067 741 1114 post
757 1066 955 1114 baptismum
973 1066 1103 1102 receffit.

393 1123 487 1155 Item:
503 1122 590 1154 Acus
605 1132 815 1167 comparatur
829 1121 998 1167 penitenti,
1016 1120 1092 1167 quia
1104 1120 1233 1168 pungit,
1246 1120 1280 1154 δε
1294 1132 1373 1154 con-

343 1174 457 1218 fitenti,
478 1174 555 1220 quia
569 1172 667 1208 habet
686 1175 832 1208 foramen
851 1186 1011 1221 apertum,
1030 1174 1064 1208 ὃς
1077 1173 1253 1221 resurgenti
1266 1186 1285 1207 a
1298 1185 1373 1220 pec—

344 1228 433 1271 catis,
453 1228 528 1274 quia
542 1238 690 1274 penetrat
703 1228 737 1261 δε
752 1227 878 1261 consuit
890 1227 1021 1274 pellem,
1041 1239 1105 1274 que
1122 1227 1166 1261 est
1184 1225 1225 1261 de
1239 1238 1372 1261 mortuo

342 1280 483 1315 animali.

392 1335 489 1367 Item:
507 1333 659 1368 Peccator
673 1333 705 1366 in
720 1345 769 1368 tot
784 1332 965 1371 distrahitur
978 1345 1095 1381 partes,
1112 1331 1155 1367 acl
1168 1344 1251 1380 quot
1263 1332 1373 1367 illicita

342 1385 524 1421 distrahitur
542 1387 669 1420 animus
686 1386 767 1421 illius
790 1399 849 1434 per
868 1387 1070 1431 consensum,
1096 1385 1250 1434 opposito
1268 1383 1372 1420 modo

342 1439 385 1473 est
409 1439 500 1484 salus,
532 1439 666 1486 quando
690 1452 760 1475 tota
777 1441 922 1475 intencio
949 1441 1015 1475 eius
1037 1440 1214 1475 contraitur
1235 1439 1269 1473 in
1293 1439 1372 1474 cari-

343 1504 408 1527 tate
423 1492 464 1527 ad
479 1494 589 1527 Deum
605 1495 639 1528 &
654 1494 819 1528 consuitur
832 1507 891 1542 per
904 1493 1080 1541 penitentie
1093 1506 1190 1528 acum
1201 1491 1372 1540 adipsum.

573 1579 623 1610 ‘De
640 1578 796 1611 vocacione
812 1579 963 1611 hominum
981 1578 1022 1610 ad
1037 1589 1160 1611 crucem.

392 1650 480 1686 Sicut
498 1649 653 1685 dominus
676 1651 784 1686 noster
809 1651 888 1686 lesus
913 1650 1068 1694 Christus,
1100 1648 1232 1697 quando
1253 1661 1372 1697 corpo-

341 1703 447 1738 raliter
475 1703 534 1738 fuit
555 1704 586 1738 in
615 1705 715 1748 terris,
746 1704 891 1739 circuivit
915 1704 1005 1739 suam
1023 1703 1186 1739 Galileam
1204 1701 1371 1750 querendo

342 1756 501 1799 infirmos,
521 1769 556 1791 ut
573 1769 630 1791 eos
649 1769 786 1801 curaret,
805 1756 846 1792 fic
864 1757 941 1792 facit
958 1756 1062 1791 modo
1081 1756 1213 1805 Spiritus
1225 1756 1370 1799 Samius,

341 1822 466 1845 vocans
480 1809 626 1844 infirmos
645 1810 685 1845 ad
703 1823 844 1855 crucem,
862 1822 897 1845 ut
910 1809 951 1844 sic
968 1811 1083 1845 iterato
1098 1810 1187 1844 sanet
1200 1822 1267 1852 eOS,
1286 1821 1370 1856 quo-

342 1864 430 1897 niam
451 1863 583 1910 Spiritus
601 1864 735 1898 Sanetus
752 1875 867 1898 monet
883 1863 1009 1910 semper
1027 1863 1168 1907 interius,
1186 1874 1220 1897 ut
1236 1862 1371 1910 surgatis
1383 1874 1407 1896 A
1419 1873 1435 1896 f.
1446 1873 1508 1902 621³,
1519 1881 1539 1896 e.
1553 1880 1573 1897 ι.

341 1916 384 1950 ad
403 1929 542 1951 crucem.
563 1915 626 1951 Sed
644 1929 732 1959 carc,
754 1916 907 1960 mundus,
935 1915 1084 1951 diabolus
1100 1927 1224 1959 monet,
1252 1927 1288 1950 ut
1304 1915 1369 1950 sur·
1384 1931 1402 1953 Β
1414 1930 1430 1954 f,
1442 1937 1488 1960 ²¹4
1496 1931 1519 1960 b,
1530 1939 1550 1954 ς,
1563 1938 1584 1954 2.

341 1970 446 2018 gatis3
477 1970 531 2004 scit
560 1970 648 2004 enim
673 1969 833 2013 diabolus,
861 1969 952 2017 quod
970 1970 1103 2018 Spiritus
1128 1970 1262 2004 Sanetus
1279 1968 1323 2003 est
1340 1969 1370 2003 ei

342 2023 530 2058 contrarius.
562 2022 704 2058 Scindite
729 2023 883 2070 laqueum
904 2022 1037 2067 diaboli,
1067 2022 1180 2065 carnis,
1203 2022 1237 2056 &
1253 2019 1369 2055 mundi

341 2076 496 2111 trahentis
511 2089 571 2111 vos
589 2075 631 2110 ad
646 2076 810 2111 infernum
823 2077 858 2111 &
871 2076 987 2124 surgite
1001 2088 1060 2123 per
1072 2076 1223 2111 virtutem
1235 2074 1368 2121 Spiritus

340 2129 449 2164 Samffi
467 2128 510 2164 ad
529 2141 660 2164 crucem
679 2131 714 2164 δε
731 2128 772 2163 fic
789 2128 832 2164 ad
852 2128 976 2165 celum!
