1624 2788
508 197 546 222 IN
566 197 764 223 OBSIDIONE
784 198 982 224 DAMIATE.
1190 186 1251 223 161

237 363 288 394 De
306 362 460 395 undecimo
480 363 673 407 Paganorum
697 363 822 396 adventu
843 361 874 395 δ’
886 363 1062 407 perdicione
1083 365 1254 408 nostrorum.
1273 380 1338 403 1219.

113 473 129 497 f.
144 474 184 498 181
198 474 219 497 b.
282 466 400 502 XLV11.
429 468 463 501 In
483 465 536 501 die
559 468 754 502 Sanetorum
771 468 893 503 Cosme
911 471 946 504 ἃ
964 470 1118 505 Damiani
1142 471 1258 505 iterum
1272 477 1332 508 Sept
1344 485 1380 507 ²7·

232 532 390 555 venerunt
405 532 480 555 ante
494 521 639 555 nostrum
657 519 822 566 fossatum,
838 523 873 557 &
886 524 983 570 pauci
999 522 1041 558 de
1054 524 1166 558 nostris
1185 537 1256 559 exe-

232 585 325 608 untes
350 574 416 609 cito
441 573 536 609 occifi
555 574 628 608 sunt
645 573 687 609 ab
704 575 757 610 eis.
786 577 818 610 ln
835 576 906 622 ipso
932 575 985 611 die
1003 576 1158 612 volebant
1182 590 1258 612 cum

231 625 331 661 herba
356 627 501 661 nostrum
526 628 662 675 implere
688 627 843 663 foffatum
863 630 897 663 ὅ(
919 642 976 677 pre
1003 630 1118 665 validis
1139 630 1257 666 viribus

231 679 325 728 super
347 692 408 715 nos
434 681 553 715 venire.
589 683 684 716 Tunc
711 680 778 715 duo
804 695 842 716 ex
867 682 926 717 iuis
952 696 1102 719 exeuntes
1127 683 1169 719 ad
1197 698 1257 720 nos

232 731 400 768 dixerunt:
428 735 457 768 0
475 735 651 779 ΟΙινζΙῘίαηί,
665 737 754 779 firmi
777 739 882 780 estole!
908 739 965 784 Ipsi
982 740 1058 771 enim
1076 739 1179 773 volunt
1195 741 1256 785 ves—

230 798 305 820 trum
334 788 457 833 implere
474 788 621 833 fqffarum
646 788 676 822 fe
705 802 772 823 ante
797 803 850 824 vos
872 791 936 823 dies
962 793 1026 825 οέῖο
1039 794 1133 836 stare,
1154 793 1215 841 sed
1228 797 1257 840 fi

229 841 320 874 modo
333 842 498 875 habueritis
512 843 680 884 violarim,
698 855 807 876 terram
823 845 1015 889 Paganorum
1030 847 1161 879 obtinere
1169 859 1256 893 pote·

228 894 300 927 ritis
328 905 434 927 totam.
463 895 559 942 {gitur
584 907 687 941 quum
712 897 1025 944 appropinquaverit
1049 899 1159 945 gracia
1182 900 1256 945 Dei,

228 944 383 981 foffatum
395 947 552 991 nostrum,
571 961 651 993 non,
668 961 702 983 ut
714 962 973 998 preparaverant,
992 952 1127 999 implere
1140 966 1256 1001 potue-

228 1011 311 1035 tunt.
329 1000 424 1035 Tunc
440 1014 609 1041 erexerunt
625 1002 752 1038 castella
775 1002 816 1039 de
833 1004 939 1052 ligniS,
959 1017 1072 1040 contra
1091 1019 1152 1041 nos
1172 1007 1256 1054 pres-

229 1052 376 1088 tolantes.

277 1106 459 1142 XLan-Ll.
488 1108 646 1155 Quinque
664 1121 773 1144 autem
799 1108 840 1145 de
858 1111 981 1154 nostris,
1009 1113 1097 1147 malo
1115 1112 1158 1148 ufi
1176 1127 1255 1149 con-

228 1158 307 1204 silio,
335 1161 476 1208 pecunia
500 1159 541 1196 ab
572 1162 616 1196 eis
648 1175 795 1210 accepta,
822 1164 1007 1199 iuraverunt
1037 1167 1091 1210 eis,
1117 1179 1256 1214 pontem

228 1212 260 1246 se
290 1213 435 1248 nostrum
461 1214 706 1262 inter-rupturos,
731 1217 765 1250 &
794 1216 839 1252 ita
858 1218 1023 1253 Sarraceni
1054 1232 1130 1255 cum
1157 1221 1257 1269 galeis

228 1266 393 1302 civimtem
421 1268 628 1303 intraverunt.
662 1270 751 1304 Deus
769 1283 890 1315 autem,
917 1272 1016 1307 sciens
1034 1274 1256 1320 cogitaciones

229 1318 413 1364 hominum,
430 1321 596 1368 inspiravit
614 1323 668 1356 uni
686 1322 727 1357 de
746 1322 804 1357 illis
818 1324 1044 1371 penitudinem
1063 1325 1181 1371 deusti,
1200 1328 1256 1374 qui
1302 1355 1305 1359 ,

229 1371 393 1407 confeffus
407 1373 451 1408 est
464 1374 538 1409 hoc.
559 1376 590 1408 {n
607 1374 669 1409 alia
682 1376 779 1422 igitur
797 1375 850 1411 die
864 1378 1047 1422 Christiani,
1065 1391 1140 1413 cum
1155 1393 1254 1414 manu

229 1424 336 1460 valida
361 1439 524 1470 exeunteS,
553 1426 799 1463 combusserunt
827 1429 961 1465 herbam
987 1432 1181 1475 Saracenis,
1218 1447 1255 1468 ex

230 1489 307 1512 tunc
333 1478 527 1515 abeuntibus
551 1492 627 1514 cum
652 1481 779 1516 tristicia
801 1483 961 1530 nobisque
985 1484 1103 1531 placita
1127 1485 1255 1520 firmare

229 1530 425 1577 volentibus,
443 1545 484 1567 eo
504 1533 596 1580 quod
614 1534 702 1569 Deus
720 1533 856 1570 vifitaret
874 1535 1004 1583 plebem
1022 1538 1120 1573 suam.

522 1642 572 1674 ‘De
587 1643 727 1688 occifione
746 1644 951 1688 Paganorum.

278 1745 406 1780 [ΙΙ-[ΙΙΙ.
423 1747 456 1779 ln
471 1745 549 1779 festo
562 1745 724 1781 Omnium
741 1749 933 1783 Sannorum
951 1749 1080 1796 Pagani,
1098 1750 1254 1795 videntes,
1269 1765 1327 1787 Nov.
1343 1773 1360 1787 ι.

231 1796 321 1845 quod
347 1810 416 1832 non
441 1810 593 1845 pocerant
617 1800 780 1835 civitatem
805 1802 951 1845 retinere,
981 1801 1135 1838 volebant
1160 1803 1255 1838 nobis

230 1850 355 1886 tradere
369 1864 452 1896 eam,
480 1864 582 1898 quum
596 1853 659 1887 Dei
672 1855 819 1901 potentia
835 1855 876 1889 ita
894 1853 1060 1902 affligebat
1077 1869 1143 1900 eos,
1163 1857 1254 1903 quod

230 1906 282 1940 vix
297 1904 412 1951 aliquis
428 1905 462 1938 in
488 1906 616 1941 civitate
639 1905 759 1953 absque
777 1908 868 1955 gravi
890 1907 1048 1955 languore
1065 1922 1140 1944 erat.
1166 1911 1254 1945 Exie-

229 1968 303 1991 runt
327 1958 436 2004 itaque
463 1957 530 1992 duo
555 1959 693 2003 amirarij
723 1958 764 1994 de
794 1960 922 1995 civitate
950 1961 984 1995 ἃ
1010 1960 1053 1995 ad
1078 1963 1254 1996 tentorium

231 2008 358 2044 domini
376 2010 475 2058 legati
489 2012 523 2044 ὃ(
536 2012 619 2058 regis
636 2013 801 2047 venientes
818 2012 917 2047 locuti
936 2013 1007 2048 sunt
1021 2014 1076 2057 eis,
1095 2015 1185 2049 tertia
1203 2015 1255 2050 die

232 2060 402 2097 tradituros
419 2063 451 2097 se
467 2063 656 2098 Christianis
673 2066 847 2100 civitatem.
877 2065 939 2101 Sed
959 2067 1052 2100 tertio
1071 2066 1134 2111 die,
1162 2067 1194 2102 id
1213 2069 1255 2102 est

1085 2143 1113 2159 21
