1624 2788
377 273 425 309 92
816 269 943 295 GEsTA

307 398 365 421 12¹9
379 393 470 414 mum
493 380 563 414 sunt
585 379 691 414 mirati
702 380 737 413 &
753 377 849 414 valde
863 385 872 401 ¹
893 379 1059 426 perterriti.
1090 378 1283 425 Credentes,
1313 380 1346 415 in
1363 393 1405 415 eo
1418 389 1473 414 af.
1487 396 1528 414 m
1541 389 1571 412 ι).
1603 377 1606 380 ’

378 446 496 469 arcana
525 433 589 467 Dei
609 432 867 467 Christianorum
897 432 976 478 fore,
1005 445 1043 467 ex
1065 433 1147 467 illius
1165 433 1282 468 timore
1298 433 1406 469 versus

379 486 578 522 Christianos
604 486 870 534 appropinquare
889 484 953 520 ausi
971 498 1039 520 non
1055 486 1193 531 fuerunt,
1222 485 1278 521 secl
1290 492 1407 522 ‘amare

380 541 480 587 usque
505 539 548 574 ad
565 539 680 574 horam
701 552 789 574 none
812 539 969 574 steterunt.
993 539 1167 574 Christiani
1183 553 1262 575 vero
1280 539 1346 575 hoc
1362 540 1408 576 vi-

381 593 504 638 dentes,
533 594 656 641 ingenti
673 593 796 641 gaudio
821 593 971 628 &letitia
998 594 1069 628 sunt
1094 593 1248 641 repleti32
1268 592 1409 628 libentis-

381 649 457 684 sime
475 649 581 684 versus
594 649 746 683 inimicos
761 647 896 692 ivissent,
916 647 983 694 nist,
1009 649 1085 696 quia
1101 649 1278 696 temptoria
1296 661 1411 684 eorum

381 715 516 752 propter
535 703 787 737 Sarracenorum
812 714 949 746 metum,
981 703 1037 749 qui
1062 702 1097 737 in
1119 703 1248 738 civitate
1265 701 1411 747 aderant,

382 771 401 792 a
423 757 528 792 castris
555 754 704 790 recedere
725 757 759 790 &
784 755 993 802 relinquere³
1015 768 1082 790 non
1105 755 1280 800 audebant,
1308 758 1342 791 δε
1368 755 1412 790 ita

383 823 519 858 utraque
535 823 609 857 pars
627 808 669 843 ad
687 810 742 843 sua
758 809 858 843 castra
872 808 975 844 rediit.
1063 822 1065 825 ·

432 863 558 899 XXVII.
582 863 662 911 Qo
686 863 784 907 faeto,
810 862 984 897 Christiani
1003 862 1107 897 statim
1125 874 1235 911 gattos
1253 864 1287 897 &
1305 861 1413 897 trabu-

383 918 463 953 chos
480 918 514 951 &
534 916 715 964 petrarias4
732 917 767 951 δε
788 916 888 950 castra
905 915 1070 963 lignorum
1089 917 1123 951 δε
1144 916 1206 951 alia
1228 917 1414 951 innumera·

384 971 460 1006 bilia
473 969 738 1004 machinamenta
751 975 762 998 5
776 968 844 1003 fieri
861 968 1006 1004 fecerunt
1018 981 1078 1016 pro
1097 970 1225 1005 civitate
1240 967 1412 1018 capienda.

386 1028 465 1060 Item
476 1025 489 1047 ⁶
502 1023 675 1059 Christiani
688 1035 844 1071 ceperunt
858 1022 1018 1058 suffodere
1032 1035 1161 1068 terram,
1179 1035 1339 1071 putantes,
1358 1022 1415 1057 tali

386 1075 490 1113 niodo
509 1076 654 1112 incidere
670 1089 770 1112 turres
789 1077 924 1112 civitatis
939 1078 973 1111 δε
990 1089 1106 1124 capere
1125 1089 1252 1121 terram,
1272 1076 1327 1112 sed
1341 1077 1416 1123 quia

388 1130 540 1166 fossatum
557 1130 693 1165 civitatis
720 1142 787 1164 erat
804 1129 939 1177 plenum
956 1143 1052 1177 aqua,
1081 1130 1115 1164 in
1133 1142 1259 1165 tanturn
1277 1129 1414 1165 destilla-

386 1184 453 1229 bat‚
481 1183 572 1231 quod
600 1183 737 1218 sumersa
767 1183 810 1217 est
837 1183 915 1218 fova
937 1183 1206 1229 Christianorum,
1229 1184 1263 1218 &
1287 1182 1416 1218 redaste

388 1239 459 1273 sunt
475 1237 518 1272 ad
536 1237 673 1271 nihilum
692 1237 840 1284 expense,
859 1249 922 1284 que
941 1237 1024 1271 faste
1038 1250 1130 1272 erant
1143 1235 1198 1282 ibi,
1212 1238 1247 1272 &
1260 1235 1417 1280 videntes,

389 1290 481 1339 quod
497 1291 576 1325 nihil
590 1289 755 1338 prodeffet
767 1296 780 1318 7
801 1290 844 1324 eis
862 1303 942 1325 cava
959 1290 1023 1335 illa,
1047 1290 1292 1325 construxerunt
1309 1302 1417 1338 gattos

390 1359 450 1393 pro
471 1345 558 1380 dic'ta
575 1345 703 1379 civitate
721 1342 891 1392 capienda.
913 1344 1008 1378 Tunc
1032 1345 1121 1379 venit
1138 1343 1294 1392 caliphus,
1307 1343 1319 1366 ⁸
1331 1356 1419 1391 papa

390 1402 651 1442 Sarracenorum,
670 1411 747 1432 cum
771 1410 861 1432 tanta
878 1396 1096 1441 multitudine,
1124 1397 1216 1444 quod
1234 1409 1303 1431 non
1321 1396 1419 1432 habe-

390 1454 470 1489 bant
489 1466 671 1496 numerum,
697 1454 731 1487 ὃ(
750 1452 825 1486 fecit
842 1464 998 1499 magnam
1018 1450 1256 1500 indulgentiam
1273 1450 1345 1495 illis,
1364 1450 1420 1497 qui

391 1522 467 1544 cum
485 1521 526 1543 eo
545 1518 699 1543 venerant
717 1505 758 1540 ad
775 1506 951 1540 exercitum
968 1517 1094 1539 eorum.

280 1572 379 1600 Iun-23·
441 1562 582 1598 XXVIII.
606 1563 640 1595 In
661 1560 771 1608 vigilia
797 1560 903 1594 Sancti
930 1558 1078 1593 Iohannis
1103 1558 1239 1606 Baptiste
1261 1557 1333 1605 post
1354 1557 1420 1593 ves-

393 1629 486 1664 peras
508 1627 665 1650 venerunt
692 1614 758 1648 fere
779 1627 800 1649 v
827 1613 928 1647 millia
957 1613 1122 1647 sarraceni
1153 1612 1238 1646 circa
1269 1609 1422 1645 foffatum

393 1669 663 1713 Christianorum,
687 1666 773 1702 unde
791 1666 944 1701 dominus
964 1668 1098 1700 Ioannes
1116 1664 1157 1700 de
1174 1664 1253 1699 Affis
1272 1677 1348 1699 cum
1361 1663 1421 1699 suis

394 1722 548 1758 militibus
572 1722 722 1770 percuffit
742 1722 826 1756 inter
852 1720 924 1755 illos
947 1721 981 1754 &
998 1732 1037 1754 ex
1058 1720 1102 1754 eis
1124 1718 1285 1753 interfecit
1302 1717 1422 1752 multos

395 1779 429 1813 &
443 1777 538 1812 rediit
554 1790 631 1811 cum
647 1775 792 1811 victoria.
932 1768 935 1773 i

283 1842 382 1870 1un.24.
444 1831 558 1866 XXIX.
574 1833 607 1864 In
623 1829 700 1864 festo
716 1827 851 1876 quidem
864 1828 951 1862 Beati
965 1826 1115 1861 Iohannis
1127 1824 1263 1872 Baptiste
1278 1823 1423 1872 precepit

397 1885 550 1920 dominus
570 1884 706 1932 legatus,
727 1895 762 1917 ut
777 1890 894 1916 'omnes
911 1880 1127 1929 penitentiam
1144 1883 1302 1927 agerent9
1322 1878 1356 1911 &
1370 1877 1422 1911 tri·
1435 1890 1494 1914 Mur.
1506 1898 1527 1921 p.
1541 1895 1606 1920 1094-

397 1938 543 1973 duanum
553 1937 696 1972 facerent
707 1937 863 1971 ieiunium
872 1937 906 1970 &
915 1934 1104 1970 discalciatis
1114 1930 1301 1983 pedibus·ad
1312 1943 1422 1967 veram

436 2059 446 2075 1
464 2050 501 2075 M.
512 2050 572 2074 add.
590 2048 651 2073 sunt.
670 2063 703 2066 -—
722 2057 735 2072 2
751 2048 776 2072 P.
789 2046 873 2080 gavisi.
888 2061 923 2065 -—
939 2055 950 2078 3
966 2046 990 2071 P.
1004 2055 1046 2071 om.
1060 2046 1083 2070 &
1096 2044 1180 2078 reIinq.
1196 2059 1228 2063 —
1244 2053 1260 2074 4
1273 2044 1298 2068 P.
1307 2042 1422 2068 redarias.

399 2106 431 2110 -
448 2100 460 2123 5
478 2091 517 2115 M.
536 2089 656 2114 machina.
679 2103 711 2107 —
734 2091 748 2112 6
772 2088 796 2112 P.
810 2092 882 2112 totum
896 2087 959 2111 hunc
977 2085 1070 2119 paffum
1091 2086 1124 2110 ab
1139 2080 1202 2109 Item
1225 2083 1298 2117 usque
1313 2084 1340 2108 In
1363 2083 1424 2108 festo

399 2131 499 2165 quidem
521 2131 549 2155 B.
564 2129 616 2154 Ioh.
634 2129 708 2162 Bapt.
722 2136 766 2153 om.
787 2142 818 2146 —
834 2135 848 2157 7
862 2127 899 2152 M.
915 2126 1039 2160 proderet.
1057 2141 1091 2144 —
1105 2128 1117 2150 8
1132 2125 1170 2151 M.
1184 2123 1294 2158 Caupus.
1308 2138 1342 2142 --
1358 2132 1372 2156 9
1386 2123 1424 2149 Μ.

399 2170 480 2197 omnis
494 2169 614 2195 exercitus
627 2168 749 2202 acciperet
762 2166 949 2202 poenitentiam.
