1624 2788
381 249 446 284 108
822 253 949 280 GESTA

305 382 363 406 1219
377 367 467 415 gani,
482 373 491 389 ¹
521 364 613 413 quod
639 365 839 412 inceperant,
869 363 912 399 ad
938 363 1038 399 finem
1066 361 1246 411 perducere
1271 362 1406 397 minime

377 418 481 467 posse,
497 418 539 454 ad
557 418 658 453 castra
669 425 683 440 ²
711 417 883 453 redierunt.

425 472 556 507 XLVm.
583 471 616 507 Et
642 470 723 506 dum
747 471 808 506 hec
830 483 1013 520 agerentur,
1040 469 1176 518 quidam
1196 468 1238 504 de
1254 468 1407 504 Christia-

377 527 425 560 nis
443 538 580 560 numero
599 537 731 569 novem,
745 531 756 554 3
770 525 909 573 instigati
927 537 946 559 a
964 523 1099 559 diabolo
1117 524 1152 558 &
1169 523 1245 558 rafsti
1259 522 1406 570 maligno

377 580 498 627 spiritu,
517 578 574 625 qui
589 591 727 626 pontem
741 576 976 620 custodiebant,
997 590 1140 625 quorum
1157 575 1259 611 corda
1277 587 1356 610 auro
1374 576 1409 610 &

377 644 515 681 argento
533 631 659 666 soldani
676 643 767 666 erant
784 630 954 676 obcecata,
965 637 1131 679 4pontem
1149 629 1236 664 clam
1255 630 1289 664 δε
1302 629 1409 677 priva·

378 686 437 720 tim
462 684 606 720 incidere
630 686 665 719 &
692 684 852 719 destruere
877 683 1092 727 conabantur,
1120 684 1278 731 Paganos‚
1304 683 1409 718 Sarra-

379 752 478 774 cenos
495 752 572 774 cum
589 738 689 787 galeis
707 739 741 772 in
759 738 925 774 civitatem
943 737 1061 773 ducere
1078 736 1236 781 volentes,
1253 748 1288 771 ut
1305 749 1378 771 eam
1391 749 1411 771 a

379 792 567 828 Christianis
593 804 766 839 protegere
783 793 817 826 &
836 790 1014 826 defendere
1039 789 1179 839 poffent.
1214 789 1276 825 Sed
1294 790 1412 824 Domi-

380 858 440 880 nus
459 846 565 880 noster
593 845 695 880 lhesus
718 844 875 889 Christus,
901 857 920 879 a
945 857 1012 892 quo
1036 844 1148 878 omnia
1177 842 1267 878 bona
1293 845 1411 878 cuneta

379 898 576 947 procedunt,
591 900 625 933 &
643 897 706 932 sine
725 910 791 945 quo
806 898 852 932 nil
869 897 937 933 fieri
953 898 1070 945 potest,
1088 897 1140 931 cui
1158 897 1203 931 nil
1216 897 1260 932 est
1273 895 1409 932 abscon-

380 954 462 996 sum,
481 951 582 987 corda
600 952 750 986 omnium
764 951 875 996 sciens,
895 952 951 998 qui
969 951 1012 986 est
1027 963 1120 986 verus
1137 949 1234 985 iudex
1250 951 1284 985 δε
1302 950 1410 995 iustus,
1425 955 1598 986 Mur-9³10*

382 1006 486 1041 noluit
497 1012 509 1035 5
527 1018 595 1040 tam
619 1004 790 1053 peffimum
807 1006 841 1039 ὅς
857 1003 1090 1052 iniquiffimum
1101 1004 1115 1026 ⁶
1135 1003 1235 1038 scelus
1250 1002 1293 1038 ad
1310 1002 1411 1038 finem

382 1058 579 1108 perducere3
598 1059 748 1106 contigit,
761 1065 774 1086 ⁷
788 1056 880 1105 quod
897 1070 978 1092 unus
997 1070 1035 1092 ex
1048 1055 1211 1105 predifflS‚
1229 1055 1339 1092 divina
1352 1068 1412 1103 po-

382 1113 484 1148 tentia
501 1114 535 1147 &
553 1111 772 1147 misericordia
789 1113 903 1156 taetus,
926 1110 968 1146 ad
995 1110 1170 1145 dominum
1189 1110 1328 1157 perrexit
1345 1121 1412 1143 car-

384 1166 537 1209 dinalem,
564 1166 619 1212 qui
640 1165 753 1199 omnia
765 1165 777 1187 8
793 1177 852 1212 per
873 1163 1022 1200 ordinem
1039 1163 1095 1212 ipsi
1113 1164 1239 1212 aperuit
1257 1165 1291 1198 &
1308 1163 1413 1198 mani-

385 1220 518 1255 festavit.
532 1226 546 1248 9
570 1218 632 1262 Afij
650 1231 740 1263 vero,
765 1218 830 1253 hoc
858 1218 1003 1262 scientes,
1030 1217 1073 1253 ad
1090 1218 1296 1266 Paganorum
1313 1216 1414 1251 castra
1427 1222 1453 1245 Ρ-
1465 1222 1480 1245 f·
1494 1221 1577 1252 ¹14¹)-

384 1274 548 1322 fugerunt,
561 1274 596 1307 &
608 1273 689 1306 ira¹0
698 1270 843 1307 liberavit
857 1271 1021 1306 Dominus
1034 1271 1141 1306 noster
1156 1271 1258 1305 lhesus
1270 1269 1414 1305 Christus

385 1330 567 1367 Crucifixus
579 1330 780 1365 Christianos
797 1327 838 1364 ab
857 1328 975 1364 insidiis
994 1329 1212 1364 inimicorum.
1233 1327 1415 1364 Laudamus

385 1388 419 1421 δε
441 1384 664 1420 benedicimus
687 1383 872 1418 Dominum
897 1383 1057 1427 nostrum,
1082 1394 1196 1417 natum
1221 1381 1262 1417 de
1290 1382 1416 1430 virgine

386 1440 497 1474 Maria.
514 1437 674 1473 Videntes
688 1437 817 1485 Pagani,
836 1437 882 1471 nil
895 1437 1001 1471 facere
1014 1434 1118 1484 poffe,
1136 1448 1214 1470 cum
1227 1435 1417 1471 Christianis

385 1493 572 1528 machinare
590 1502 755 1539 ceperunt.
771 1497 796 1512 ¹¹

434 1546 543 1582 XLIX.
559 1546 667 1580 Noete
683 1544 834 1591 proxima
844 1543 903 1579 fuit
912 1555 1026 1591 captus
1038 1542 1173 1590 quidam
1188 1540 1345 1578 lanuenfis
1355 1554 1417 1576 tra-

386 1600 483 1644 ditor,
494 1599 548 1646 qui
559 1597 700 1633 debebat
708 1596 851 1632 incidere
860 1609 990 1632 catenas
1000 1596 1150 1631 &sarcos
1157 1597 1191 1631 ὅ(
1201 1595 1263 1631 alia
1275 1596 1418 1643 ingenia,

387 1653 503 1703 quibus
513 1666 597 1701 pons
608 1650 787 1696 tenebatur3
798 1649 940 1686 debebat
947 1651 1090 1698 recipere
1099 1663 1118 1684 a
1132 1648 1269 1684 soldano
1284 1652 1316 1693 vj
1331 1648 1419 1684 mille

386 1708 539 1744 bisantos.
558 1706 633 1741 Alio
648 1704 700 1739 die
718 1704 778 1739 fuit
796 1716 909 1752 captus
928 1703 1064 1751 quidam
1082 1703 1256 1751 Hispanus,
1272 1702 1329 1750 qui
1342 1715 1418 1737 ven-

388 1760 486 1797 debat
506 1759 686 1795 Sarracenis
709 1770 811 1792 unum
838 1770 959 1805 panem
985 1770 1046 1805 pro
1065 1769 1132 1791 uno
1152 1755 1290 1800 bisanto,
1319 1756 1354 1790 &
1369 1754 1418 1789 isti

389 1815 460 1850 sunt
484 1811 620 1860 suspensi
646 1810 688 1846 ad
707 1809 847 1845 caudam
871 1823 1034 1858 equorum
1050 1811 1084 1845 &
1104 1809 1250 1845 dilaniati
1267 1809 1339 1843 sunt
1357 1821 1416 1856 per

390 1881 496 1904 totum
515 1867 700 1902 exercitum.
729 1865 884 1911 Sequenti
901 1863 954 1899 die
970 1865 1005 1899 &
1026 1866 1123 1899 noe‘te
1140 1863 1305 1898 Sarraceni
1323 1874 1417 1909 para·
1430 1876 1464 1899 M.
1475 1875 1492 1899 f.
1503 1876 1532 1899 σε
1544 1875 1571 1899 c.

390 1935 505 1958 verunt
523 1921 613 1969 ligna
631 1922 665 1956 &
683 1919 797 1955 herbas
811 1918 853 1954 ad
869 1917 1077 1966 implendum
1095 1915 1249 1952 foffatum
1266 1915 1418 1951 Christia-

430 2038 439 2052 1
456 2028 482 2053 P.
495 2037 536 2052 om.
553 2042 582 2045 —
598 2037 612 2052 2
629 2028 652 2052 P.
662 2026 740 2060 suppl.
757 2027 805 2051 sua.
819 2041 854 2044 —-
869 2034 881 2057 3
897 2026 922 2051 P.
940 2034 1031 2050 novem
1044 2033 1155 2050 numero.
1170 2038 1203 2042 —
1214 2032 1231 2054 4
1243 2024 1280 2048 M.
1294 2023 1418 2048 obcecati.

394 2084 425 2087 -—
442 2077 453 2101 5
468 2069 504 2094 M.
519 2067 613 2092 nolens.
631 2082 664 2087 —
679 2069 692 2092 6
709 2068 733 2092 Ρ.
746 2066 866 2100 iniquum.
885 2080 918 2084 -
941 2075 954 2097 7
970 2066 995 2090 P.
1009 2065 1140 2098 contingit.
1159 2078 1191 2082 —
1215 2066 1228 2089 8
1244 2064 1268 2088 P.
1283 2063 1421 2097 transponit

392 2108 476 2134 omnia
486 2108 534 2141 post
547 2108 666 2133 ordinem.
690 2122 721 2125 —
743 2116 757 2139 9
776 2107 799 2132 Ρ.
818 2106 865 2140 leg.
886 2102 1077 2131 miserico‘rdiam
1095 2103 1226 2130 festinavit.
1243 2118 1275 2122 —
1294 2113 1323 2128 ιο
1336 2104 1360 2128 P.
1374 2111 1418 2130 om.

393 2151 416 2177 δι
431 2149 474 2177 ita.
487 2164 522 2167 -—
537 2157 563 2175 ιι
583 2148 674 2174 Abhinc
688 2152 767 2174 textus
782 2148 819 2173 M.
830 2146 932 2182 prorsus
945 2146 1064 2173 abhorret
1075 2145 1108 2171 ab
1116 2153 1150 2177 eo,
1162 2143 1205 2180 qui
1216 2143 1242 2170 in
1256 2144 1280 2170 Ρ.
1290 2143 1387 2179 prostat.
