1624 2788
342 251 351 274 1
361 248 380 272 2
730 244 947 270 ORDINACIO

335 372 353 393 e
373 357 538 392 contrario
565 354 677 391 habuit
702 368 792 390 arma
814 355 870 390 sua
894 353 1052 390 debiliora
1077 355 1223 398 exterius,
1242 353 1363 390 scilicet

335 424 478 454 carnem,
496 411 530 445 &
549 409 690 445 forciora
706 409 847 452 interius,
867 407 984 443 scilicet
1002 406 1168 453 deitatem,
1190 420 1254 455 que
1271 407 1365 443 latuit

336 464 391 499 sub
411 477 518 500 carne.

386 521 478 553 Item:
506 516 655 565 Qando
675 516 737 552 Eva
753 517 880 564 accepit
897 529 1037 564 pomum
1054 514 1096 550 de
1119 515 1224 563 ligno,
1255 513 1366 550 clausit

337 585 472 606 manum
502 571 591 605 suam
620 570 726 605 versus
756 570 895 618 lignum,
925 569 1070 604 Christus
1093 582 1111 604 e
1136 569 1301 603 contrario
1330 568 1364 602 in

337 638 431 660 cruce
463 623 630 659 avertebat
661 636 775 658 manus
806 623 876 658 suas
898 636 918 657 a
939 622 1030 670 ligno
1052 623 1087 657 δε
1110 635 1225 657 manus
1254 620 1367 657 habuit

337 690 473 726 apertas,
495 690 529 712 ut
542 678 666 721 innuat,
685 676 776 724 quod
790 675 946 711 debemus
960 688 1103 711 avertere
1116 688 1230 710 manus
1245 675 1366 710 nostras

337 746 356 767 a
366 730 459 767 rebus
474 730 657 778 prohibitis3
671 743 730 778 per
739 743 879 777 pomum
892 741 1002 764 autem
1015 728 1211 777 significatur
1225 727 1368 776 qualibet

338 798 386 820 res
404 784 576 833 prohibita.

388 841 479 873 Item:
503 838 648 873 Christus
671 839 705 872 in
728 850 823 873 cruce
841 837 976 872 inclinat
998 837 1028 872 se
1052 835 1095 871 ad
1118 836 1267 871 osculum
1288 835 1367 871 offe-

339 905 410 927 rens
434 904 551 939 pacem
573 892 748 939 peccatori,
774 890 887 926 dilatat
910 890 1042 925 brachia
1063 891 1098 924 in
1116 903 1211 925 cruce
1233 889 1276 924 ad
1297 903 1368 924 am-

340 945 479 993 plexum.
499 945 587 979 Dicit
609 945 696 979 enim
717 960 734 974 <1
755 946 848 990 Qon
871 947 939 978 veni
961 957 1066 978 vocare
1085 947 1175 989 iustos
1187 945 1248 990 sed
1260 957 1368 990 pecca-

338 1012 418 1034 tores
437 1014 454 1029 n
477 997 578 1046 (Luc.,
596 1008 630 1042 V,
651 999 725 1045 32),
743 998 777 1032 &
794 995 870 1031 alibi
889 996 978 1041 dicit,
1002 1013 1020 1028 (ι
1042 998 1162 1031 §Maius
1173 998 1319 1043 gaudium
1337 999 1367 1030 in
1382 1001 1534 1032 Af·⁶0=‚c-
1546 1008 1570 1024 ²-

339 1066 431 1100 regno
450 1053 508 1086 celi
524 1053 618 1098 super
635 1065 692 1086 uno
709 1063 868 1097 peccatore
887 1066 905 1081 υ
926 1051 1029 1096 (Luc.,
1053 1060 1115 1095 XV,
1135 1052 1184 1096 7).
1207 1052 1368 1098 Apertum

341 1107 383 1141 est
401 1106 468 1140 eius
485 1105 567 1140 latus
585 1103 627 1138 ad
649 1103 864 1151 operiendum
882 1104 948 1138 eius
966 1104 1133 1138 secretum.

389 1162 480 1194 Item:
499 1157 621 1194 Unicus
637 1157 697 1192 fuit
710 1157 819 1192 clavus
833 1156 955 1191 defixus
969 1158 1003 1192 &
1017 1156 1184 1192 transfixus
1197 1170 1255 1205 per
1269 1156 1369 1205 pedes

341 1212 468 1255 Christi,
496 1212 570 1258 quia
595 1223 652 1258 per
674 1210 773 1258 pedes
797 1209 991 1258 fignificatur
1012 1223 1142 1258 corpus,
1173 1211 1370 1258 quod'nunc

341 1266 414 1310 huc,
433 1278 519 1300 nunc
533 1264 608 1299 illuc
622 1265 763 1306 vertitur,
787 1262 865 1298 ficut
878 1263 978 1311 pedes
996 1276 1084 1298 nunc
1097 1263 1172 1309 huc,
1190 1277 1278 1299 nunc
1294 1264 1370 1301 illuc

342 1320 448 1354 ferunt
466 1331 593 1366 corpus.
628 1317 776 1352 Dileccio
796 1330 911 1352 aucem
929 1318 1033 1361 unius,
1052 1317 1171 1352 scilicet
1189 1318 1262 1362 Dei,
1281 1319 1370 1366 prin-

341 1372 486 1421 cipaliter
511 1370 609 1406 debet
631 1369 694 1406 effe
712 1372 745 1405 in
773 1370 884 1415 corde,
914 1372 948 1405 &
969 1369 1046 1405 ideo
1069 1371 1181 1405 unicus
1203 1371 1312 1407 clavus
1337 1372 1369 1407 in

340 1424 477 1473 pedibus
497 1425 567 1470 fuit,
586 1426 642 1472 qui
660 1438 717 1459 cor
731 1423 899 1473 fignificat,
917 1424 951 1458 in
970 1436 1037 1470 quo
1052 1423 1096 1458 est
1113 1425 1225 1459 caritas
1243 1438 1318 1470 una,
1336 1426 1371 1460 in

341 1492 406 1526 qua
423 1492 487 1513 una
507 1478 683 1513 fundantur
701 1491 816 1512 omnes
835 1478 897 1512 alie
910 1478 1051 1513 virtutes.
1074 1477 1163 1512 Sicut
1176 1478 1264 1513 enim
1278 1479 1371 1514 multi

341 1532 422 1567 rami
443 1545 482 1567 ex
509 1545 573 1567 una
599 1531 706 1567 radice
731 1530 908 1579 prodeunt,
935 1529 976 1564 fic
999 1532 1033 1565 &
1055 1530 1157 1566 multe
1178 1532 1309 1567 virtutes
1333 1545 1372 1567 ex

342 1599 407 1620 una
436 1586 567 1620 caritate
602 1585 782 1633 prodeunt,
817 1597 880 1632 que
915 1583 1020 1619 defixa
1050 1584 1094 1618 est
1123 1585 1157 1619 in
1191 1584 1301 1621 corde.
1338 1588 1371 1621 In

342 1638 571 1687 designacione
588 1640 686 1688 igitur
709 1639 802 1674 unius
825 1638 964 1673 caritatis
985 1637 1044 1672 fuit
1066 1639 1179 1672 unicus
1207 1638 1316 1674 clavus
1337 1640 1371 1675 in

342 1691 488 1741 pedibus.

393 1749 484 1782 Item:
515 1747 569 1782 Per
596 1759 711 1782 manus
738 1745 954 1794 significantur
981 1757 1092 1792 opera,
1123 1747 1199 1793 quia
1221 1745 1371 1782 manibus

343 1813 528 1848 operamur,
550 1799 638 1835 unde
660 1799 728 1834 duo
747 1800 877 1834 fuerunt
894 1798 977 1833 clavi
997 1798 1030 1832 in
1047 1798 1197 1834 manibus
1217 1799 1259 1835 ad
1277 1799 1371 1850 signi-

343 1852 521 1896 ficandum,
544 1853 635 1901 quod
654 1853 721 1888 duo
741 1852 862 1888 debent
880 1850 945 1887 effe
963 1864 1064 1899 opera
1082 1852 1190 1887 nostra
1203 1851 1302 1899 bona,
1321 1854 1372 1889 vel

343 1907 375 1942 in
394 1908 460 1942 vita
478 1907 592 1951 afflva,
610 1907 661 1942 vel
679 1905 944 1954 contemplativa.

394 1962 493 1995 Item:
522 1961 693 1995 Ternarius
708 1960 767 1995 fuit
796 1959 965 1995 clavorum
995 1959 1039 2000 in*
1055 1957 1284 2008 defignacione
1300 1961 1372 1996 Tri-

344 2025 463 2049 nitatis,

394 2070 494 2102 Item:
522 2068 685 2102 Dominus
707 2069 741 2102 in
763 2080 858 2102 cruce
882 2067 1049 2103 inclinavit
1074 2068 1106 2102 se
1131 2065 1174 2102 ad
1198 2079 1316 2102 terram
1337 2069 1372 2102 δε

345 2121 460 2158 direxit
476 2121 509 2156 in
527 2132 645 2157 terram
662 2121 765 2157 visum
781 2120 823 2157 ad
838 2119 1098 2171 significandum,
1118 2120 1210 2170 quod
1228 2121 1294 2169 ipse
1311 2121 1373 2157 fuit
