1624 2788
351 295 398 339 78
797 270 924 329 <313sz

282 421 340 444 1218
352 414 410 448 rati
427 413 487 448 illis
498 414 530 448 se
548 412 680 448 obviam
701 412 1119 460 prebuerunt&tamquam
1138 413 1245 461 angeli
1263 426 1320 461 per
1334 415 1379 450 sa-

352 466 487 502 blonem
501 467 689 502 catervatim
700 478 814 501 contra
832 466 983 501 inimicos
994 479 1130 514 pergere
1139 465 1343 511 videbantur,
1367 475 1377 491 ¹

351 520 454 555 iacula
466 520 687 565 inimicorum,
701 532 762 554 nec
773 531 915 554 mortem
925 532 986 566 pro
995 519 1113 554 Christi
1125 532 1238 554 amore
1247 520 1380 556 minime

351 575 510 618 timentes,
518 573 571 608 sed
579 573 746 609 voluntate
757 574 791 608 ὃς
802 573 868 607 leto
879 573 992 607 animo
1004 580 1018 595 ²
1032 585 1093 620 pro
1103 573 1221 607 Christi
1230 585 1343 608 amore
1355 581 1367 604 ³

349 626 472 662 bellum
485 639 600 661 contra
611 633 625 655 4
639 626 896 661 Christianorum
909 626 1060 661 inimicos
1070 638 1231 673 temptare
1246 627 1378 673 cupien-

350 693 404 716 tes.
424 681 586 715 Dominus
605 690 715 715 autem
736 680 872 728 legatus,
894 693 1004 715 veram
1022 692 1151 714 crucem
1172 680 1205 714 in
1228 678 1378 715 manibus

350 733 410 767 suis
428 746 573 780 portans,
595 746 670 768 ante
692 746 807 768 omnes
830 731 1034 780 precedebat.
1066 732 1182 767 Milites
1200 733 1235 767 &
1252 731 1378 780 pedites

349 786 471 821 hortari
487 799 555 821 non
569 786 744 830 definebat,
757 798 792 820 ut
808 786 850 820 ad
865 787 1002 820 Domini
1020 786 1118 820 nostri
1134 785 1220 820 lhesu
1236 792 1246 815 5
1261 786 1379 821 Christi

349 839 491 874 crucifixi
502 841 516 863 ⁶
528 839 722 887 obsequium
734 841 767 874 &
782 839 824 874 ad
838 839 1097 874 Christianorum
1111 839 1260 873 inimicos
1270 838 1379 874 debel-

348 892 465 927 landos
489 894 523 927 δε
549 892 768 940 subiugandos
791 892 990 940 gratulanter
1013 891 1174 939 proficisci
1197 892 1380 927 festinarent
1392 904 1418 927 Ρ.
1431 903 1446 926 f.
1460 910 1502 934 109
1514 905 1544 927 Α.

348 948 393 989 &,
422 959 499 981 cum
525 946 589 980 hoc
607 945 742 989 dixisset,
771 946 835 980 alta
858 958 939 980 voce
958 946 992 980 &
1012 958 1051 980 ex
1068 945 1171 979 oculis
1196 945 1378 991 lachrymas

349 999 518 1035 effundens
549 1002 583 1034 ὃ(
609 999 696 1035 dulci
718 1013 801 1035 voce
828 999 957 1034 dicens:
988 1001 1017 1034 0
1035 1001 1178 1042 Domine,
1198 1003 1215 1034 ὁ
1235 1002 1378 1044 Domine,

340 1055 431 1101 salva
450 1055 480 1088 δ’
497 1055 607 1100 custodi
623 1068 678 1088 nos
699 1054 729 1088 G·
747 1055 856 1088 exaudi
873 1066 978 1100 preces
995 1056 1108 1098 nostras
1125 1055 1187 1097 die,
1214 1067 1271 1098 qua
1294 1057 1377 1089 invo-

349 1111 481 1142 cavimus
510 1109 553 1142 Te
581 1107 707 1150 (Psalm.
730 1117 810 1151 XIX,
836 1109 886 1155 9).
919 1109 953 1140 In
979 1108 1030 1140 die
1053 1107 1259 1141 tribulationis
1279 1107 1310 1141 60
1326 1121 1378 1141 an-

347 1164 443 1207 gustie
470 1164 564 1206 nostre
587 1163 790 1195 invocavimus
814 1160 867 1202 Te,
897 1163 914 1194 ὁ
932 1162 1075 1201 Domine,
1107 1161 1249 1194 velociter
1270 1162 1378 1195 exaudi

343 1228 449 1260 preces
463 1217 594 1259 nostras!
627 1213 700 1261 (Cf.
721 1213 831 1248 Psalm.
850 1222 940 1256 XVII,
960 1212 998 1257 6;
1016 1222 1119 1255 XLIX,
1142 1214 1210 1260 15.)
1235 1215 1329 1247 Verba
1348 1214 1378 1248 ὃν

348 1271 500 1302 orationes
523 1271 636 1311 nostras
661 1269 783 1301 auribus
810 1269 884 1301 ‘Tuis
908 1270 1043 1313 percipe,
1071 1268 1214 1308 Domine,
1240 1267 1379 1313 intellige

348 1322 506 1356 clamorem
520 1323 667 1366 nostrum!
694 1320 822 1365 (Psalm.
843 1330 877 1364 V,
901 1333 911 1355 1
936 1319 1018 1367 seq.)
1038 1321 1159 1353 Intende
1178 1323 1245 1354 voci
1263 1323 1379 1355 oratio—

348 1378 396 1409 nis
415 1378 518 1419 nostre,
542 1377 608 1421 “Rex
629 1377 735 1419 noster,
750 1380 762 1400 ⁷
783 1375 934 1407 Dominus
955 1374 1071 1417 noster!
1102 1373 1253 1422 Qoniam
1278 1375 1319 1407 ad
1337 1373 1379 1408 Te

339 1430 460 1475 semper
483 1441 602 1462 oramus
629 1427 659 1461 δ’
686 1429 889 1472 confugimus,
916 1429 1060 1470 Domine,
1086 1427 1206 1466 exaudi,
1234 1428 1377 1468 Domine,

347 1494 433 1515 voces
450 1481 480 1514 δ’
498 1484 650 1515 orationes
667 1482 799 1525 nostras!
829 1482 958 1514 Domini
977 1482 1016 1523 est
1025 1479 1116 1526 salus
1134 1479 1164 1512 δ’
1170 1480 1266 1525 super
1277 1492 1379 1525 popu-

347 1534 407 1567 lum
433 1535 526 1568 ‘Tuum
551 1535 717 1568 benedielio
736 1533 800 1567 Tua
828 1532 950 1578 (Psalm.
969 1541 1023 1576 111,
1043 1531 1090 1576 8).
1113 1533 1173 1565 Sub
1193 1534 1294 1566 umbra
1312 1533 1379 1566 ala-

346 1599 418 1623 rum.
427 1600 543 1622 tuarum
555 1600 684 1634 protege
701 1600 755 1621 nos
784 1585 911 1628 (Psalm.
930 1595 1008 1630 XVI,
1027 1586 1066 1631 8)
1083 1585 1113 1619 G·
1131 1599 1149 1618 a
1160 1587 1294 1631 perfidia
1316 1589 1378 1620 ini-

347 1644 488 1675 micorum
502 1644 663 1686 nostrorum
674 1641 769 1674 libera
784 1652 849 1683 nos,
868 1641 1010 1683 Domine,
1023 1639 1053 1672 fe
1062 1641 1162 1684 presta
1173 1640 1260 1673 nobis
1282 1638 1377 1673 ‘Tuum

339 1695 554 1740 'sancfliffimum
588 1694 746 1736 auxilium,
784 1706 816 1727 ut
837 1706 955 1739 gentem
977 1693 1125 1738 perfidam
1157 1692 1188 1726 δ’
1214 1695 1377 1738 nequitiam

346 1760 512 1782 convertere
525 1748 677 1794 poffimus,
699 1749 774 1780 utin
788 1747 811 1779 S
812 1747 925 1780 anc‘lam
945 1746 1126 1780 Trinitatem
1144 1745 1175 1779 δ’
1190 1748 1378 1780 nativitatem

348 1801 442 1834 ‘Tuam
460 1813 546 1846 atque
564 1804 594 1834 in
609 1800 772 1846 paffionem
789 1799 819 1832 δ’
832 1811 955 1833 mortem
975 1799 1005 1833 ὁ)
1020 1800 1264 1845 resurretflionem
1283 1799 1378 1834 ‘Tuam

347 1856 496 1898 nobiscum
513 1856 591 1888 reele
608 1855 726 1888 credere
743 1854 878 1895 debeant,
903 1865 935 1886 ut
952 1865 1056 1887 nomen
1077 1853 1172 1886 Tuum
1182 1865 1242 1898 per
1260 1855 1379 1887 univer-

339 1909 410 1954 sam
427 1909 565 1942 mundum
582 1907 594 1929 ⁸
616 1910 767 1941 invocetur
784 1906 814 1940 ἃ
831 1910 867 1951 [it
884 1907 1068 1940 benedielum
1089 1908 1119 1939 in
1135 1906 1242 1951 secula
1255 1906 1378 1952 seculo-

348 1964 434 1996 rum!
451 1963 561 1995 rAmen.

396 2014 475 2049 VllI.
489 2014 567 2062 Qua
575 2013 725 2048 oratione
735 2012 831 2056 fad’m,
845 2011 1105 2048 Christianorum
1115 2012 1269 2047 exercitus
1280 2012 1379 2062 Paga-

387 2156 396 2171 π
419 2148 515 2172 Rada.
538 2147 570 2171 δι.
587 2161 621 2165 —
647 2157 661 2172 2
684 2147 708 2171 Ρ,
722 2146 806 2171 animo
821 2146 878 2171 leto.
894 2161 927 2165 —
942 2155 954 2177 3
969 2146 996 2171 P.
1014 2146 1111 2171 timore.
1134 2161 1163 2166 -—
1182 2156 1208 2179 4.
1225 2146 1250 2171 Ρ.
1265 2146 1326 2171 add.
1344 2159 1377 2165 —

350 2197 362 2221 5
379 2188 416 2213 Μ.
430 2186 492 2213 Iesu.
514 2201 546 2205 —
561 2189 575 2211 6
592 2187 616 2212 P.
629 2195 672 2212 om.
688 2201 720 2205 -
739 2195 752 2217 7
767 2186 793 2211 P.
806 2187 866 2212 add.
882 2201 916 2204 —
930 2185 943 2207 8
957 2186 982 2212 P.
995 2186 1092 2213 orbem.
