1624 2788
371 253 384 277 1
395 251 412 290 ς
416 242 437 279 8
613 250 724 276 LIBER
743 250 896 276 DUELLII
913 249 1140 276 CHRISTIANI

294 378 352 401 1219
365 360 542 395 tumultum
575 361 608 394 in
631 360 760 395 civitate
790 358 992 403 facientibus,
1026 360 1115 395 venit
1138 358 1289 394 soldanus
1319 371 1394 395 ante

243 743 301 771 Aug.
313 749 348 766 ιι.

235 953 296 981 Aug.
311 958 346 982 15.

227 1493 291 1522 Aug.
303 1499 341 1522 24.

231 1814 290 1842 Aug.
302 1819 339 1842 29.

363 414 509 449 nostrum
523 411 686 457 fossatum,
699 413 812 448 nostris
826 412 1037 447 nihilominus
1049 413 1082 447 in
1097 413 1193 447 armis
1208 412 1393 460 preparatis.

362 466 516 502 Exeuntes
530 479 640 501 autem
658 466 700 501 de
713 467 841 501 civitate
859 467 978 514 Pagani
995 478 1072 501 cum
1087 466 1162 500 forti
1177 478 1288 509 manu,
1307 464 1394 501 defe-

362 533 467 556 rentes
481 521 570 568 ligna
580 521 746 568 &ignem,
760 531 884 554 cattum
897 519 1042 554 nostrum
1051 519 1190 554 ferreum
1203 531 1393 553 concrema-

361 586 485 610 verunt.
511 574 624 621 Quem
642 585 719 607 cum
735 573 907 608 Christiani
923 572 1146 615 defenderent,
1168 572 1261 607 multi
1278 584 1394 606 eorum

361 625 548 663 vulneribus
570 628 604 661 ὃ(
626 639 733 661 morte
751 627 823 661 sunt
840 627 1010 673 perempti.
1040 626 1172 673 Septem
1192 638 1272 673 ergo
1288 637 1393 660 cattos

362 681 488 716 nostros
498 678 762 724 'combufferunt,
782 679 870 714 unde
883 680 1047 715 Sarraceni
1065 678 1160 715 valde
1174 680 1246 714 sunt
1263 678 1394 713 exaltati

360 735 395 768 &
412 734 586 769 Christiani
607 733 793 768 contristati.
820 733 932 768 Tertio
956 733 1028 767 idus
1054 733 1191 780 Augusti
1217 744 1329 766 comes
1351 730 1393 766 de

359 787 504 821 Marchia
527 785 590 821 fine
608 786 740 821 vulnere
767 784 858 830 obiit,
885 786 978 834 super
1003 799 1070 833 quo
1097 785 1270 821 Christiani
1296 783 1392 820 valde

359 839 545 875 doluerunt.
577 840 637 874 His
663 838 776 875 diebus
803 852 914 874 comes
939 838 980 875 de
1007 839 1121 875 Nivers
1151 838 1326 873 infamatus
1350 837 1392 873 de

359 894 499 928 exercitu
518 893 648 928 receffit.

408 946 579 982 XXXVIU.
609 949 640 980 ln
655 948 753 981 ῐιοόὶε
766 945 1005 993 Assumptionis
1017 947 1133 981 Sant‘te
1151 945 1250 980 Marie
1268 945 1391 992 septem

358 1001 488 1048 Pagani,
505 1011 656 1034 exeuntes
684 998 724 1033 de
745 999 885 1043 civitate,
915 1000 948 1033 in
974 998 1074 1035 fluvio
1100 1000 1188 1047 capti
1211 998 1340 1033 fuerunt
1356 998 1391 1031 &

359 1065 457 1087 mane
482 1052 525 1087 ad
550 1052 692 1087 dedecus
719 1053 926 1100 Paganorum
956 1065 1047 1087 aures
1069 1054 1103 1087 ἃ
1126 1064 1219 1087 nares
1245 1052 1279 1086 ὅ(
1305 1049 1391 1086 labia

358 1107 498 1140 truncati
515 1106 547 1140 in
566 1106 703 1141 crastino
722 1106 793 1140 sunt
811 1105 890 1140 miffi
907 1106 941 1139 in
955 1106 1129 1141 civitatem.
1148 1105 1228 1152 Qua
1240 1103 1281 1139 de
1295 1104 1391 1139 causa

358 1159 456 1194 etiam
474 1160 639 1195 Sarraceni
658 1172 760 1194 unum
777 1157 818 1193 de
839 1158 953 1193 nostris
970 1157 1062 1193 simili
1079 1157 1183 1193 modo
1204 1169 1390 1193 truncatum

357 1211 451 1247 nobis
469 1213 666 1248 remiserunt.
695 1215 727 1247 In
750 1212 809 1246 illis
832 1211 945 1247 diebus
964 1225 1075 1247 comes
1101 1211 1142 1264 de
1165 1212 1225 1246 Bar
1249 1213 1284 1246 &
1307 1211 1389 1246 filius

358 1266 424 1300 eius
442 1265 604 1301 obierunt.

496 1377 546 1408 De
563 1374 691 1407 dolendo
708 1376 800 1419 gravi
817 1374 1052 1418 Christianorum
1071 1374 1247 1418 infortunio.

403 1480 548 1515 XXXIX.
577 1482 610 1514 In
633 1479 712 1514 festo
731 1480 838 1515 Sanffl
856 1479 1054 1514 Bartolomei
1079 1480 1196 1514 iterum
1214 1479 1387 1516 Christiani

353 1545 560 1568 armaverunt
574 1533 724 1577 cocchas‚
744 1532 799 1567 sed
818 1533 1015 1580 preimpetu
1030 1531 1172 1567 fluminis
1185 1545 1254 1567 non
1269 1545 1386 1581 potue-

353 1599 427 1621 runt
445 1587 712 1634 appropinquare
736 1585 779 1620 ad
796 1586 914 1620 menia.
940 1586 1037 1620 Tunc
1062 1585 1136 1620 elati
1155 1585 1280 1633 pedites
1298 1585 1385 1621 dice-

353 1639 443 1684 bant,
472 1639 560 1674 nolle
587 1638 630 1674 ad
659 1638 781 1673 bellum
808 1639 892 1673 exire
922 1638 1049 1674 milites.
1079 1639 1265 1674 Diviserunt
1288 1640 1386 1687 igitur

352 1706 498 1741 gentem,
525 1705 560 1727 ut
582 1706 647 1727 una
664 1705 738 1739 pars
755 1692 932 1728 custodiret
945 1693 1096 1737 tentoria,
1114 1694 1149 1727 &
1169 1692 1231 1727 alia
1249 1693 1385 1728 servaret

352 1745 475 1781 flumen
494 1747 528 1780 &
548 1745 672 1790 urbem,
690 1747 725 1780 δε
745 1745 807 1780 alia
826 1759 987 1794 pugnaret
1003 1747 1036 1780 in
1055 1745 1175 1781 sabulo.

401 1800 463 1834 XL.
487 1802 520 1834 In
539 1800 768 1835 Decollatione
785 1801 892 1835 Sanffl
907 1800 1059 1835 [ohannis
1077 1799 1214 1847 Baptiste
1233 1799 1384 1835 Christia-

352 1866 472 1888 norum
501 1853 668 1888 calamitas
694 1854 729 1887 ὅ(
755 1853 880 1888 miseria
908 1853 1060 1900 quedam,
1089 1853 1178 1888 tristis
1206 1853 1297 1897 dico,
1325 1853 1385 1888 fuit

352 1920 483 1955 magna.
510 1907 674 1941 Dominus
689 1907 778 1941 enim
795 1906 921 1954 legatus
940 1909 974 1942 &
991 1920 1045 1942 rex
1062 1908 1207 1942 exierunt
1223 1920 1282 1954 per
1303 1920 1383 1955 gen-

351 1972 397 1995 tes
420 1960 462 1995 ad
486 1961 632 2008 hospicia
649 1961 864 2009 Paganorum‚
891 1962 947 2007 qui
970 1973 989 1994 a
1007 1961 1120 1995 nostris
1149 1961 1248 1995 castra
1270 1961 1381 1995 metati

351 2014 477 2049 fuerant
496 2014 561 2049 fere
579 2013 709 2049 duobus
731 2012 916 2058 miliaribus,
939 2013 1090 2060 fafiaque
1107 2012 1152 2048 ibi
1168 2026 1273 2058 mora,
1291 2013 1382 2061 pedi-

352 2079 422 2102 tum
439 2067 551 2116 fugata
575 2068 619 2102 est
636 2080 776 2112 caterva,
799 2067 956 2114 nulloque
975 2079 1127 2115 cogente,
1154 2066 1209 2101 sed
1233 2067 1380 2115 maligno

352 2134 408 2157 eos
436 2121 547 2169 spiritu
584 2121 777 2169 exagitante.
810 2120 918 2156 Tanta
947 2132 1015 2156 erat
1048 2121 1242 2170 fugientium
1266 2119 1380 2166 rabies,
