1624 2788
352 277 394 315 14
751 276 966 303 ORDINACIO

343 384 444 420 vestra
461 387 496 421 δε
513 387 655 422 carnalia
677 389 710 422 &
733 387 920 435 spiritualia,
951 387 1038 422 unde
1072 388 1170 422 mittit
1195 386 1288 423 vobis
1317 387 1371 423 hic

344 438 600 475 mundacionem
621 442 656 475 &
681 442 919 489 purgacionem
945 454 964 476 a
986 441 1143 489 peccacis3
1177 453 1211 475 ut
1240 454 1371 476 crucem

343 492 472 527 sumatis
494 493 537 528 ad
560 493 742 529 succursum
765 494 862 529 Terre
884 495 1010 539 Sandle,
1040 496 1075 529 &
1097 494 1137 529 fic
1158 508 1216 542 per
1240 507 1371 530 crucem

342 544 499 580 intrabitis
512 548 544 581 in
559 560 698 598 regnum
712 547 856 582 celorum
870 549 904 582 &
922 547 962 583 fic
975 547 1124 583 videbitis
1141 548 1271 595 aspestu
1291 547 1371 583 defi-

344 598 520 634 derabilem
545 602 579 635 &
605 600 807 636 ineffabiliter
833 600 1070 636 delecstabilem.
1106 601 1202 637 Unde
1237 617 1254 632 cr
1280 604 1371 636 Beati

344 655 451 687 mundo
469 656 568 699 corde,
589 670 606 685 n
628 655 692 689 &Q
710 653 852 698 (Matth.‚
869 665 904 698 V,
923 654 973 702 8).

393 708 484 742 Item:
503 708 591 742 Sicut
605 720 731 755 pannus
745 707 881 743 abluitur
898 709 984 755 prius
999 721 1110 743 amara
1131 708 1235 743 lexiva
1249 709 1283 743 δε
1295 709 1370 756 pos-

343 770 395 794 tea
421 773 507 807 aqua
529 760 616 795 dulci
640 762 674 796 &
696 761 816 806 calida,
843 760 884 796 fic
907 762 1018 796 anima
1041 763 1128 809 prius
1153 761 1292 796 abluitur
1314 774 1372 809 per

343 812 592 849 tribulacionem
621 828 767 849 amaram
797 816 832 849 δε
860 815 972 862 postea
1003 828 1061 863 per
1089 815 1275 859 lacrimam,
1307 828 1371 862 que

343 866 484 913 sequitur
505 866 764 912 tribulacionem,
791 880 855 914 que
873 869 971 902 etiam
991 867 1095 903 calida
1117 868 1232 903 effe&
1253 869 1298 903 est
1314 882 1372 916 per

343 921 582 955 contricionem
593 922 628 956 &
642 920 911 956 recordacionem
925 922 1161 968 preteritorum.
1176 922 1230 956 Per
1243 934 1372 956 motum

343 973 431 1008 enim
455 975 490 1008 in
520 975 693 1022 complexu
721 981 857 1009 natum¹
876 975 1030 1009 excitatur
1057 974 1147 1009 calor
1177 974 1371 1018 naturaliter,

341 1026 474 1062 lacrime
487 1039 596 1062 autem
610 1041 668 1075 per
680 1041 792 1063 veram
805 1027 914 1062 cordis
928 1028 1228 1075 compunccionem
1241 1026 1373 1063 effluen-

344 1092 389 1114 tes
408 1079 518 1115 dulces
537 1083 572 1115 &
590 1080 796 1116 deleciabiles
814 1093 908 1115 erunt
925 1082 958 1115 in
977 1082 1154 1129 conspetstu
1168 1082 1246 1126 Dei3
1265 1094 1373 1116 exem-

343 1133 435 1181 plum
445 1146 534 1181 patet
547 1135 581 1169 in
592 1133 685 1169 beata
695 1135 797 1169 Maria
807 1133 1012 1181 Magdalena.
1023 1134 1129 1168 Patere
1139 1135 1244 1169 eciam
1258 1134 1373 1181 potest,
1387 1144 1409 1166 A
1421 1143 1436 1166 f.
1448 1143 1476 1166 ⁶1
1487 1152 1507 1174 a,
1518 1152 1537 1167 c.
1549 1150 1570 1167 1.

343 1186 435 1233 quod
448 1187 555 1221 minus
570 1187 700 1235 placent
717 1187 850 1222 lacrime
865 1188 939 1222 Deo
958 1200 996 1222 ex
1010 1200 1085 1223 vera
1099 1188 1283 1234 penitencia
1297 1200 1373 1235 pro-

343 1239 495 1275 cedentes
513 1253 571 1288 per
588 1241 664 1286 hoc,
684 1240 775 1288 quod
790 1241 954 1275 Dominus
967 1239 1081 1276 videns
1101 1240 1267 1275 Ierusalem
1285 1240 1374 1277 flevit

343 1294 436 1341 super
459 1307 532 1328 eam
555 1293 677 1338 dicens,
707 1310 724 1325 <r
747 1297 784 1329 Si
806 1295 992 1341 cognovzffes
1009 1294 1039 1328 ἃ
1057 1296 1102 1328 ‘Tu
1122 1309 1140 1325 ι)
1165 1295 1267 1340 (Luc.‚
1293 1305 1372 1340 XIX,

342 1348 415 1394 42).
441 1346 616 1395 plangebat
639 1348 728 1382 enim
746 1348 910 1382 Dominus
932 1359 1132 1395 peccatoreS,
1156 1348 1211 1394 qui
1229 1349 1375 1383 exultant

341 1401 375 1435 in
390 1399 484 1436 rebus
498 1401 650 1449 pessimis,
665 1402 732 1448 qui,
746 1400 766 1436 fi
780 1402 871 1435 suam
885 1400 1142 1436 damnacionem
1157 1400 1373 1448 previderent,

342 1454 462 1501 seipsos
479 1454 533 1490 vix
550 1455 705 1502 plangere
722 1453 887 1499 cessarent,
905 1453 960 1489 sed
978 1453 1035 1502 ipfi
1053 1455 1087 1488 in
1105 1453 1308 1501 perversitate
1319 1455 1375 1489 sua

343 1506 410 1542 dies
427 1508 501 1542 suos
519 1507 560 1542 fic
578 1508 716 1551 ducunt,
745 1507 837 1555 quod
859 1506 916 1555 ipsi
938 1508 972 1542 in
995 1507 1226 1554 temporalium
1249 1507 1374 1543 habun-

342 1560 460 1596 dancia
481 1560 537 1596 fibi
559 1574 678 1609 pacem
699 1562 791 1596 suam
813 1562 988 1609 prefigunr,
1015 1574 1079 1608 que
1102 1561 1216 1609 pocius
1239 1573 1308 1595 non
1331 1560 1375 1595 est

341 1628 417 1663 pax,
441 1628 516 1649 curn
532 1616 610 1663 ipsa,
635 1627 760 1662 quanto
785 1616 889 1663 magis
912 1615 955 1650 est
978 1613 1130 1659 affluens,
1153 1626 1246 1649 tanto
1270 1613 1373 1661 plures

342 1667 493 1703 cordium
515 1669 772 1716 inquietaciones
793 1668 927 1703 influere
951 1669 1038 1713 facit,
1061 1670 1095 1702 ὅ(
1112 1681 1132 1702 a
1155 1669 1229 1702 Deo
1252 1667 1323 1715 plus
1340 1668 1374 1702 &

342 1722 413 1769 plus
431 1722 576 1756 animam
593 1722 722 1757 alienat.
747 1723 918 1770 Fugiamus
935 1735 1016 1770 ergo
1034 1721 1148 1756 fiscum
1169 1733 1276 1756 rerum
1294 1732 1374 1755 tem—

341 1775 514 1823 poralium,
538 1788 572 1810 ut
594 1775 761 1811 evolemus
779 1775 821 1810 ad
841 1788 962 1819 eterna,
986 1775 1165 1810 recolentes
1182 1772 1265 1808 illud
1288 1775 1372 1809 Gre-

341 1829 436 1877 gorij,
463 1845 480 1860 α
500 1831 585 1863 Satis
607 1833 645 1874 est
663 1830 779 1863 alienus
798 1844 815 1863 α
831 1831 910 1873 fide,
933 1833 985 1875 qui
1008 1831 1047 1863 ad
1068 1830 1216 1875 agendam
1235 1831 1373 1875 peniten-

341 1885 418 1916 ciam
431 1895 564 1928 tempora
570 1884 737 1928 senec‘lutis
750 1884 914 1929 exspec‘lat;
928 1883 1113 1916 metuendum
1126 1895 1254 1926 namque
1264 1883 1313 1926 est,
1325 1894 1371 1923 ne,

341 1937 409 1970 dum
417 1938 525 1983 sperat
542 1937 793 1983 misericordiam,
813 1937 928 1970 incidat
946 1939 976 1970 in
997 1937 1155 1970 iudicium.
1171 1950 1188 1965 a>

636 2016 686 2048 ‘De
704 2028 791 2048 carne
810 2014 840 2048 ὃ·
858 2017 925 2048 eius
942 2015 1079 2048 deliciis.

393 2096 426 2128 ln
443 2092 525 2128 libro
548 2094 675 2142 Regum
698 2093 824 2137 dicitur,
852 2092 943 2140 quod
968 2091 1032 2127 due
1054 2091 1203 2126 mulieres
1223 2089 1375 2139 oppresse

343 2148 431 2182 fame
453 2146 669 2181 comederunt
695 2159 834 2194 puerum
862 2146 990 2181 alterius
1020 2145 1158 2190 illarum,
1188 2146 1222 2180 δε
1251 2144 1375 2192 reliqua

379 2228 388 2244 1
405 2220 436 2251 A,
447 2218 616 2253 Bcornplexio
629 2224 696 2243 nato.
