1624 2788
521 221 562 248 m
578 221 776 248 onsmmm:
793 220 990 248 DAM1A'm.
1203 221 1269 260 149

243 345 289 367 tat
315 346 371 368 nos
379 347 392 372 ;
415 336 457 367 ite
484 333 515 367 6·
538 334 666 368 occidite
694 346 784 379 equos
809 332 841 367 G·
867 334 1010 378 imponite
1035 333 1079 367 ibi
1102 346 1167 367 cum
1189 333 1268 367 velis
1282 345 1341 369 1218

242 388 362 420 navium
379 386 409 420 ὃ·
426 399 490 420 cum
509 387 642 421 omnibus
661 387 829 431 obstaculis,
847 399 903 432 que
915 388 1078 432 potueritis
1099 387 1215 429 habere,
1235 399 1268 420 ut

242 453 319 484 aqua
341 452 398 474 non
410 440 501 485 poffit
516 441 621 474 rodere
628 440 781 486 sabulum,
810 439 841 474 ὃ
859 440 1071 474 liberabimur!
1097 438 1151 474 Ad
1175 439 1267 486 quod

242 491 431 527 faciendum
461 505 576 527 omnes
611 505 818 527 cucurrerunt
853 493 985 539 citoque
1014 492 1049 527 id
1079 491 1264 528 effecerunt.

244 547 359 580 lterum
382 546 478 580 tercia
500 545 552 580 die
571 558 661 580 mare
685 544 855 580 crudeliter
870 545 1004 581 laniavit
1021 545 1175 582 vallatum
1192 546 1266 581 nos·
1281 560 1336 583 Dee„
1348 568 1369 583 2.

241 610 335 634 trum.
362 599 456 634 Tunc
478 611 549 642 nos,
577 600 654 646 quia
677 598 719 634 de
740 600 806 634 vita
825 598 992 646 desperati,
1010 600 1207 634 cucurrimus
1224 598 1267 634 ad

240 651 396 700 legatum,
422 653 507 687 circa
525 651 623 699 pedes
650 653 716 687 eius
739 665 815 686 cum
836 665 877 687 eo
900 653 1058 698 morituri,
1088 652 1267 700 omnesque

239 704 477 740 lacrimabiliter
493 704 632 740 diximus
649 704 691 740 ad
708 719 801 740 eum:
829 709 972 749 Domine,
990 707 1083 752 salva
1100 720 1166 749 nos,
1184 710 1267 752 peri—

240 762 325 793 mus!
342 758 485 803 (Matth.‚
497 769 575 803 VIII,
596 760 667 807 25.)
685 760 754 807 Qui
772 758 852 794 dixit
865 758 976 794 nobis:
994 762 1104 794 Eamus
1117 762 1157 794 ad
1166 761 1267 806 foffa-

239 815 318 846 tum!
345 812 584 859 venientesque
610 825 719 847 autem
737 811 778 847 ad
797 811 962 858 fossatum,
986 813 1053 860 ipse
1076 813 1107 847 se
1125 813 1268 848 extendit

238 865 271 900 in
293 864 432 900 modum
458 866 559 900 crucis
589 866 682 913 super
700 878 818 900 terram
842 867 887 910 &,
914 865 1123 914 discooperto
1149 867 1266 914 capite,

238 919 343 954 oravit
367 918 410 954 ad
429 920 612 954 Dominum
627 920 661 954 ὅ(
679 919 772 954 dixit:
797 921 930 954 ‘Domine
955 921 1039 965 Ihesu
1066 921 1192 964 Christe,
1215 923 1267 965 qui

237 974 383 1006 excitatus
399 987 417 1006 α
435 975 538 1015 Petro,
557 975 624 1007 dum
644 977 709 1007 eius
726 974 866 1007 navicula
881 985 1072 1019 mergeretur,
1093 974 1186 1007 eidem
1204 975 1267 1019 res-

231 1026 385 1070 pondisti.-
417 1026 567 1060 Momm-2
590 1035 704 1070 me,
723 1035 854 1064 QUARE
872 1035 1095 1070 DUBITASTI,
1112 1026 1142 1060 6⁴
1159 1028 1266 1070 statim

235 1079 386 1124 imperasti
409 1082 504 1113 ventis
525 1079 555 1113 Ge
573 1082 661 1124 mari,
689 1079 718 1113 G·
729 1081 820 1124 s'tzc‘la
843 1083 881 1125 est
907 1080 1116 1125 tranquillitas
1138 1083 1168 1115 in
1189 1084 1266 1115 mari

238 1129 380 1179 (Matth.,
401 1142 479 1176 VIII,
500 1132 568 1177 263
587 1142 662 1177 XIV,
682 1135 755 1180 31),
771 1134 888 1167 intende
905 1147 990 1176 nunc,
1004 1134 1137 1180 piiffime
1156 1137 1266 1169 Domi·

235 1198 301 1228 nus,
322 1187 418 1231 super
443 1189 526 1231 istum
551 1187 647 1220 locum
674 1187 705 1220 ὃν
713 1188 808 1232 super
827 1189 994 1221 habitantes
1021 1190 1051 1222 in
1075 1201 1121 1230 eo,
1151 1190 1265 1234 impera

235 1241 313 1272 mari
336 1238 367 1272 G·
384 1241 490 1284 fluvio,
510 1252 542 1273 ut
557 1241 679 1274 redeant
697 1242 728 1274 in
748 1242 956 1286 locumsuum,
980 1241 1011 1274 6⁴
1025 1244 1138 1287 impera
1156 1244 1262 1284 ventis,

235 1304 266 1326 ut
283 1294 445 1338 quiescant,
463 1307 500 1326 ne
506 1294 639 1339 populus
648 1296 809 1340 fatigatus
827 1297 946 1328 omnino
963 1296 1093 1340 deficiat,
1109 1297 1170 1341 sed
1194 1297 1265 1329 ‘Tibi

234 1347 337 1381 reddat
355 1346 460 1380 laudes
478 1346 508 1380 δ’
525 1350 646 1393 gratias
663 1361 736 1381 nunc
757 1348 787 1381 6·
806 1350 837 1382 in
850 1361 1035 1395 perpetuum,
1061 1352 1114 1394 qui
1132 1352 1210 1383 vivis
1233 1350 1263 1384 ὃ·

0 1389 19 1450 ἦ
234 1414 344 1446 regnas
362 1402 447 1434 ‘Deus
458 1414 516 1446 per
530 1403 629 1434 omnia
637 1402 744 1447 secula
754 1402 926 1448 seculorum
939 1405 952 1436 s
967 1401 1063 1436 Hanc
1078 1403 1262 1440 orationem

7 1455 12 1458 ’
234 1452 402 1488 audientes
432 1452 672 1500 respondimus:
704 1458 815 1490 Μυκη.
845 1455 939 1489 facia
964 1467 1074 1490 autem
1102 1457 1262 1500 oratione,

234 1506 380 1553 protinus
411 1508 561 1554 apparuit
589 1507 637 1542 sol
666 1507 948 1554 splendidiffimus,
983 1521 1050 1556 quo
1082 1509 1263 1557 superficies

234 1571 314 1594 terre
338 1559 459 1594 eodem
485 1560 537 1595 die
562 1561 606 1595 ita
633 1561 676 1596 est
693 1561 872 1605 defficcata,
901 1561 992 1609 quod
1019 1563 1180 1607 vfflualia,
1199 1576 1263 1610 que

233 1625 308 1647 ante
333 1625 416 1660 pene
439 1614 565 1648 fuerant
587 1614 723 1662 perdita,
743 1616 834 1664 gravi
854 1615 1003 1664 dampno
1022 1616 1151 1651 fuerunt
1171 1630 1260 1652 recu-

234 1678 353 1713 perata.
373 1669 405 1701 {n
421 1666 542 1702 eodem
563 1667 640 1702 loco
658 1669 771 1715 quinta
789 1681 860 1716 pars
877 1669 1035 1704 exercitus
1054 1682 1183 1705 mortua
1203 1671 1263 1705 fuit

233 1732 271 1754 ex
293 1733 378 1767 aqua
401 1721 435 1755 δε
453 1720 584 1768 frigore,
611 1722 645 1756 ὅ(
670 1722 762 1756 multi
785 1723 917 1757 amisere
934 1723 1086 1770 ungulos,
1114 1725 1148 1758 δε
1168 1723 1261 1759 multi

233 1772 310 1820 paffi
325 1774 396 1808 sunt
409 1774 442 1807 in
463 1786 530 1818 ore,
543 1775 577 1808 &
594 1774 671 1822 paffi
689 1775 761 1809 sunt
777 1776 809 1810 in
829 1775 977 1822 pedibus,
991 1778 1024 1811 &
1040 1775 1081 1811 fic
1099 1776 1214 1812 fiiimus
1226 1778 1260 1812 in

233 1826 340 1861 multis
356 1827 504 1874 periculis
517 1840 575 1874 per
589 1839 693 1863 totam
706 1828 858 1873 hyemem
873 1830 973 1877 usque
986 1829 1029 1865 ad
1043 1829 1256 1866 februarium.
1276 1853 1334 1877 ¹2¹9

273 1937 323 1969 ‘De
339 1936 480 1969 triduana
494 1938 670 1980 tempestate,
690 1949 776 1981 quam
788 1937 947 1982 paffisunt
965 1939 1066 1982 nostri,
1090 1937 1120 1971 Θ
1136 1939 1219 1983 fuga
1245 1930 1250 1934 ’

359 1990 600 2032 sarracenorum,
613 2003 671 2035 per
687 1991 827 2024 Sanc‘lum
850 1991 1016 2037 Georgium
1025 1992 1126 2036 [πᾶα.

90 2098 186 2128 fol-¹7⁸
197 2108 217 2123 a·
280 2093 356 2129 ΧΙΙΙ.
375 2093 580 2142 perpendens>
595 2106 706 2130 autem
723 2094 877 2131 dominus
900 2096 1036 2145 legatus,
1058 2097 1150 2144 quod
1167 2097 1257 2132 nullo

7 2106 24 2147 b

8 2148 22 2211 ,ἱ

12 2221 29 2252 ψ

15 2282 23 2316 ι

8 2406 26 2442 Α

16 2491 27 2572 ‘5

0 2693 79 2788 ’ἱ
