1624 2788
291 390 349 413 1²¹9

235 493 302 516 Mart.
315 499 350 522 3¹-

230 1609 303 1640 April.
315 1616 348 1638 17.

371 266 383 290 1
394 264 411 303 5
415 265 436 290 2
616 263 729 290 LIBER
746 262 900 289 DUELLII
917 261 1142 288 CHRISTIANI

364 376 398 410 &
415 374 630 420 Corradinus,
649 376 770 419 fratres,
789 375 990 424 figentesque
1006 375 1093 410 iuxta
1103 387 1166 409 nos
1183 374 1236 410 sua
1254 375 1393 411 tentoria

364 429 463 465 nichil
479 428 575 465 nobis
596 430 673 464 mali
690 430 844 464 fecerunt.

413 483 508 518 ΧΧΙΙ.
537 482 666 518 Deinde
689 483 761 531 post
786 483 847 518 hec
871 483 904 517 in
930 481 983 517 die
1007 482 1200 527 Palmarum,
1226 481 1261 516 id
1288 482 1332 517 est
1358 483 1392 517 in

365 537 554 582 Dominica‚
581 550 644 584 que
663 536 704 571 de
725 537 833 571 Ramis
855 536 1016 571 olivarum
1034 535 1160 579 dicitur,
1188 535 1342 571 soldanus
1357 537 1392 570 &

364 589 566 625 Corradinus
578 590 723 634 scientes,
742 591 818 637 quia
836 602 896 625 nos
914 588 1106 624 volebamus
1124 588 1296 634 celebrare,
1314 603 1392 637 qua-

363 644 434 679 liter
447 644 590 679 Christus
608 645 698 679 venit
713 643 943 687 ierosolimam,
961 655 1139 689 antequam
1157 643 1255 677 nostri
1272 655 1392 679 conve-

363 698 487 732 nientes
507 709 623 732 mutuo
641 696 697 732 fibi
709 695 840 744 poffent
854 695 1030 740 subvenire,
1050 694 1218 730 consilium
1237 691 1392 741 fecerunt,

363 751 457 798 super
474 764 535 786 nos
558 751 667 786 venire
685 751 811 797 nosque
832 763 851 784 a
869 750 951 784 facie
971 762 1053 785 terre
1070 750 1186 785 delere.
1208 753 1392 786 Innumera-

362 803 441 839 biles
466 806 563 853 igitur
600 816 715 839 contra
745 816 805 838 nos
836 815 1004 847 venerunt,
1041 805 1075 838 &
1109 802 1393 850 quemadmodum

362 858 441 905 lupi,
468 857 663 893 devorantes
687 870 804 906 agnos,
828 858 872 892 ita
896 856 1082 892 ceciderunt
1099 857 1258 892 devorare
1279 869 1340 891 nos
1359 857 1393 891 &

362 913 428 946 iam
447 911 618 947 diviserant
634 911 747 945 omnia
760 909 849 945 bona
866 911 949 945 inter
963 910 1003 955 se,
1023 910 1077 945 sed
1094 911 1203 958 gracia
1219 911 1282 945 Dei
1300 910 1393 945 multi

362 978 400 1000 ex
418 965 476 999 illis
501 963 597 999 occifi
620 965 701 1008 sunt,
729 965 763 998 &
781 965 876 1012 pauci
900 963 941 999 de
958 964 1070 999 nostris
1096 963 1294 999 defecerunt.
1322 964 1392 999 Nos

362 1031 483 1063 autem,
496 1030 718 1053 memorantes
732 1018 902 1065 epistolam
916 1017 1011 1061 Pauli,
1029 1016 1234 1053 dicebamus:
1252 1020 1289 1052 si
1307 1021 1392 1052 ‘Deus

355 1085 415 1119 pro
433 1073 529 1114 nohis,
557 1075 624 1117 quis
643 1084 744 1106 contra
765 1075 842 1106 nos?
864 1071 1033 1117 (Roman,
1047 1082 1128 1116 VIII,
1155 1073 1226 1121 31.)
1252 1071 1286 1107 Et
1306 1084 1392 1106 certe

363 1138 452 1160 tanta
466 1124 573 1159 nostra
589 1137 658 1159 erat
671 1125 806 1170 miseria,
823 1124 915 1171 quod
926 1130 1004 1173 ficut
1018 1139 1120 1161 cervus
1136 1127 1282 1173 desiderat
1287 1128 1392 1171 fontes

362 1193 503 1224 aquarum
536 1177 664 1226 (Psalm.
696 1188 785 1222 XLII,
815 1180 862 1224 2),
900 1179 942 1213 ita
970 1178 1229 1214 desiderabamus
1258 1179 1393 1215 virentia

362 1231 470 1267 videre
500 1230 681 1266 herbarum.
713 1231 810 1266 Nulla
839 1232 961 1279 quippe
988 1232 1101 1279 lingua
1126 1232 1211 1267 valet
1234 1232 1392 1280 explicare

363 1286 523 1320 miseriam
539 1286 574 1319 &
591 1284 802 1330 infirmitates,
821 1298 902 1332 quas
919 1285 996 1332 paffi
1017 1285 1123 1320 sumus
1141 1286 1173 1319 in
1188 1285 1243 1319 illo
1262 1285 1349 1320 loco.

411 1339 519 1374 XXIII.
538 1339 598 1374 His
612 1340 655 1373 ita
667 1339 773 1387 gestis,
792 1338 833 1373 de
847 1339 986 1373 exercitu
1001 1337 1066 1373 dux
1079 1338 1202 1373 Austrie
1216 1340 1392 1386 repatrians

363 1391 492 1427 receffit.

388 1502 438 1534 De
457 1511 561 1545 quarto
579 1501 705 1533 adventu
722 1502 913 1546 Paganorum
931 1500 962 1534 ἃ
976 1502 1012 1534 de
1030 1502 1139 1546 califiz,
1153 1515 1237 1548 papa
1255 1515 1366 1536 eorum.

411 1604 637 1640 XXIV-XXV.
660 1608 775 1640 Iterum
788 1606 860 1653 post
879 1606 939 1641 hec
955 1607 1072 1653 quinto
1090 1606 1221 1642 decimo
1241 1608 1392 1644 calendas

362 1658 438 1702 Maij
453 1657 604 1693 soldanus
617 1660 651 1693 &
665 1659 879 1704 Corradinus,
896 1660 1020 1703 fratres,
1036 1660 1179 1696 colleffls
1193 1661 1392 1707 exercitibus,

362 1725 521 1747 venerunt
533 1713 567 1747 &
582 1713 782 1748 intraverunt
801 1713 956 1748 vallatum
976 1714 1120 1748 nostrum
1137 1715 1171 1749 δε
1187 1727 1392 1762 putaverunt,

363 1764 393 1799 se
407 1778 468 1800 nos
483 1765 572 1813 poffe
585 1765 743 1801 destruere
756 1767 790 1801 &
804 1780 823 1801 a
836 1766 917 1801 facie
931 1779 1012 1802 terre
1026 1766 1142 1802 delere.
1164 1767 1226 1804 Sed
1242 1770 1391 1805 Domino

362 1818 503 1861 volente,
536 1818 707 1853 Christiani
738 1818 920 1854 habuerunt
947 1821 1119 1855 vistoriam
1142 1823 1176 1856 &
1202 1821 1392 1866 occiderunt

362 1882 429 1906 tam
442 1872 634 1906 Sarracenos
648 1885 748 1919 quam
762 1885 877 1919 equOS,
894 1873 964 1920 plus
979 1886 1079 1920 quam
1089 1873 1156 1908 duo
1171 1875 1267 1910 milia.
1285 1876 1392 1911 Tanta

361 1935 470 1959 autem
497 1937 564 1959 erat
591 1925 766 1960 multitudo
785 1926 927 1973 pilorum
949 1928 983 1961 &
1002 1927 1188 1974 sagittarum
1206 1928 1300 1976 supra
1319 1930 1391 1964 nos-

361 1988 446 2011 trum
463 1977 630 2021 vallatum,
657 1977 747 2025 quod
775 1990 856 2013 terra
876 1991 944 2013 non
962 1979 1151 2026 apparebat.
1178 1981 1255 2015 Hoc
1269 1981 1391 2016 bellum

361 2028 462 2064 biduo
482 2030 620 2066 duravit.
651 2032 777 2066 Interim
795 2031 998 2067 Corradinus
1016 2033 1183 2069 mandavit
1208 2034 1249 2069 ad
1267 2036 1392 2070 amicos

361 2083 434 2117 suos
452 2082 572 2130 ubique
584 2085 619 2118 ὃ(
632 2097 688 2118 eos
709 2083 749 2119 ad
765 2083 886 2119 bellum
904 2085 1105 2130 invitaverat,
1123 2086 1241 2122 scilicet
1254 2088 1390 2123 Damas-

362 2148 437 2170 cum
454 2137 488 2171 &
500 2136 606 2184 Alapa
620 2138 654 2171 &
667 2137 782 2172 Reanis
795 2139 829 2173 ὅς
843 2150 948 2173 totam
961 2151 1079 2174 terram
1093 2142 1277 2176 commovit
1290 2142 1390 2190 usque
