1624 2788
515 215 553 241 IN
572 215 770 241 OBSIDIONE
791 214 988 240 DAMIATE.
1196 212 1257 253 151

238 327 284 361 rei
300 326 472 361 Christiani
487 325 582 362 valde
599 337 808 373 expaverunt,
824 325 916 360 nullo
934 337 1086 373 cogente,
1104 325 1192 359 fausto
1206 337 1262 359 au·
1277 343 1335 365 1219

238 392 305 415 tem
331 392 438 423 mane,
477 380 643 414 neminem
669 392 728 427 per
752 391 907 426 campum
938 377 1086 413 viderunt
1117 377 1262 425 dixitque

238 446 320 468 unus
338 432 381 468 ad
397 433 537 468 nostros:
557 437 679 480 Pagani
692 434 864 479 recefferunt
876 433 906 466 δ’
920 436 1013 477 castra
1023 434 1084 479 sua
1099 446 1163 466 cum
1177 434 1262 467 bonis

229 490 300 534 suis
312 488 494 532 reliquerunt
508 490 521 522 ,Ι

285 540 371 575 XV1.
390 540 485 574 Tunc
503 539 688 574 christianus
706 540 860 574 exercitus
872 539 1037 583 intellexit,
1056 538 1147 586 quod
1161 538 1262 573 ihesus

236 593 380 628 Christus
405 593 522 628 milites
541 593 612 628 suos
635 592 678 627 ad
695 592 953 640 expugnandum
970 593 1120 627 inimicos
1136 592 1262 627 nostros

235 646 297 694 pro
311 645 405 681 nobis
423 645 561 691 misisset,
579 647 774 692 conciteque
787 645 909 680 flumen
924 658 1038 680 omnes
1055 646 1262 690 transeuntes,

234 699 447 735 laudaverunt
455 700 641 734 Dominum
649 700 684 734 ὅ(
693 698 921 734 benedicentes
935 700 1088 734 Sanfiam
1096 699 1262 747 Agatham

235 754 268 788 in
285 754 375 787 cuius
393 752 472 787 festo
490 765 605 787 omnes
624 750 823 796 transierunt,
850 752 1019 800 spoliisque
1037 765 1152 787 eorum
1174 765 1262 787 exer·
1275 761 1338 784 Febr.
1350 768 1371 791 5·

234 807 314 841 citus
333 806 376 840 est
393 818 576 849 renovatus,
602 807 636 840 &
655 818 731 840 tunc
756 818 795 840 ex
815 818 949 852 utraque
964 817 1057 853 parte
1075 804 1201 840 obseffa
1218 805 1263 840 est

234 860 355 903 civitas,
374 859 537 905 nichilque
552 860 690 893 omnino
706 858 873 894 timebant.
891 859 985 893 Tunc
997 859 1143 906 precepit
1156 858 1262 893 domi-

233 925 292 946 nus
318 912 456 960 legatus,
485 912 518 946 in
545 913 678 947 circuitu
707 911 776 946 fieri
804 910 968 956 fossatum,
999 910 1190 958 obsessaque
1218 912 1262 946 est

234 965 355 1009 civitas,
373 964 464 1012 quod
482 965 587 1000 nullus
605 978 666 1000 nec
683 965 779 1009 exire,
797 977 859 999 nec
876 965 1010 999 introire
1027 977 1163 1012 poterat.

279 1018 376 1054 XVH.
404 1021 436 1053 ln
455 1018 518 1053 hac
537 1030 647 1053 autem
665 1017 834 1053 obsidione
853 1016 894 1052 de
911 1019 1039 1065 piscoto
1057 1018 1130 1052 satis
1147 1017 1261 1052 habui-

231 1084 313 1115 mus,
334 1070 389 1106 sed
403 1071 444 1106 de
461 1073 539 1107 vino
557 1073 591 1107 &
608 1084 704 1107 carne
722 1084 850 1106 recente
867 1072 1010 1106 maxima
1023 1071 1165 1112 carestia,
1191 1071 1260 1106 fuit.

230 1125 337 1160 Tanta
363 1125 461 1159 etiam
482 1125 541 1159 fuit
563 1125 704 1169 carestia,
731 1123 825 1172 quod
844 1137 925 1159 unus
944 1125 1037 1168 aries,
1065 1124 1117 1160 vel
1132 1138 1259 1170 vervex,

231 1177 378 1213 venditus
405 1178 464 1212 fuit
490 1191 549 1226 pro
576 1177 692 1213 decem
720 1178 820 1212 unciis
845 1178 914 1212 auri
939 1179 973 1213 &
996 1178 1109 1226 gallini
1125 1191 1186 1225 pro
1205 1180 1260 1213 tri-

230 1232 321 1279 ginta
339 1230 447 1265 soh'dis
465 1233 499 1266 ὅ(
512 1244 614 1267 ovum
633 1244 693 1279 pro
708 1230 837 1266 duobus
851 1230 970 1276 solidis,
988 1232 1022 1266 &
1038 1231 1151 1267 vinum
1165 1232 1260 1266 nimis
1280 1242 1283 1245 ’

231 1297 304 1320 care
322 1283 535 1320 vendebatur.

88 1348 128 1372 foi.
141 1349 183 1378 ηε
195 1350 214 1372 b.
278 1337 386 1372 XV111.
404 1338 473 1372 Post
486 1337 675 1385 quindecim
688 1338 803 1373 iterum
816 1337 884 1373 dies
899 1337 1061 1382 soldanus,
1077 1350 1131 1372 rex
1143 1337 1259 1386 Egipri,
1274 1355 1336 1378 febr,
1348 1363 1384 1379 20,

229 1391 264 1424 &
280 1389 493 1435 Corradinus‚
519 1391 613 1426 stater
631 1392 711 1434 eim,
738 1404 791 1426 rex
810 1391 898 1436 sirie,
920 1402 1078 1426 venerunt
1094 1389 1257 1427 dicentes:

231 1445 260 1478 0
291 1445 467 1488 Chrffliani,
507 1457 558 1478 aut
591 1457 716 1490 oportet,
745 1457 799 1478 nos
824 1446 1057 1479 <Machameum
1088 1458 1198 1491 negare
1227 1445 1258 1478 δ’

231 1497 258 1530 C
258 1499 418 1542 hristianos
430 1498 496 1543 effe,
514 1510 565 1532 aut
578 1510 704 1544 oportet,
719 1511 771 1532 vos
785 1499 933 1543 Christum
946 1512 1056 1545 negare
1068 1498 1099 1532 6·
1114 1501 1258 1545 Paganos

231 1550 308 1595 effe!

465 1659 515 1691 De
532 1660 625 1692 tercio
645 1658 769 1692 adventu
784 1659 1025 1692 sarracenorum.

279 1762 447 1797 Venerunt
462 1774 572 1797 autem
592 1762 684 1810 super
701 1775 762 1797 nos
780 1776 818 1798 ex
836 1763 888 1798 issa
905 1776 1007 1811 parte,
1025 1776 1090 1810 qua
1107 1764 1258 1800 nondum

231 1816 334 1850 fuerat
365 1814 518 1850 fossatum
547 1815 762 1863 completum,
796 1814 905 1863 ibique
934 1816 1076 1851 infinitus
1107 1831 1258 1854 numerus

232 1881 346 1903 eorum
369 1869 556 1904 interfefius
579 1869 634 1914 est,
661 1868 937 1917 obtinueruntque
958 1870 1128 1906 Christiani
1148 1873 1181 1906 in
1203 1872 1259 1908 illa

231 1920 285 1956 die
305 1923 483 1957 vistoriam.

279 1974 452 2010 xlx-xxi.
473 1977 588 2010 lterum
610 1977 728 2011 o6lava
746 1974 798 2010 die
812 1976 917 2020 Martij
936 1989 1093 2012 venerunt
1105 1976 1257 2013 soldanus
1270 1991 1337 2015 Mm.
1350 1992 1370 2014 8.

268 2101 278 2117 ι
294 2093 322 2117 ln
335 2092 448 2125 margine
463 2101 518 2118 ‘vox
532 2092 633 2118 carestia
646 2092 784 2126 explicatur
794 2105 801 2118 .-
815 2093 926 2127 penuria.
