1624 2788
492 242 698 268 OBSIDIONIS
715 241 914 268 DAMIATE.
1151 243 1164 267 1
1175 244 1188 267 1
1201 242 1213 267 t

190 354 297 399 miles,
327 367 430 402 equos
458 355 494 390 ὅτ.
522 367 613 390 arma
627 353 792 402 perderet,
816 353 859 389 de
887 353 1026 389 exercitu
1055 351 1217 400 expulsus,
1235 363 1294 387 ¹²19

190 408 316 457 pedites
337 421 473 444 manum
489 409 523 443 &
540 408 663 453 omnia,
681 420 745 455 que
761 405 807 442 ibi
823 405 1015 451 habuiffent,
1032 405 1220 455 perderent3

191 460 212 496 fi
226 475 387 497 mercator
406 463 458 498 vel
471 463 592 497 femina
610 474 686 496 cum
701 462 849 496 mercatis
866 472 1011 496 maneret
1027 461 1061 494 in
1070 460 1221 503 exercitu,

191 528 327 550 manum
350 517 384 551 &
401 517 515 551 omnia
531 516 585 550 sua
602 514 765 563 perderet3
791 513 812 548 fi
829 514 933 548 homo
950 513 1003 549 vel
1020 513 1142 548 femina
1157 511 1223 547 sme

192 569 288 604 armis
308 569 401 604 fuerit
417 570 578 613 inventus,
596 567 616 602 si
636 580 703 602 non
718 567 814 602 fuerit
831 568 976 602 infirmus
994 567 1046 603 vel
1060 566 1222 615 parvulus,

191 623 247 670 qui
253 622 411 658 custodiat
420 623 611 671 papiliones,
618 622 918 657 excommunicatus
932 620 975 656 fit.
983 621 1052 668 Qi
1060 619 1223 655 debebant

192 676 302 720 scalam,
321 676 440 710 cochas
462 677 496 711 &
518 689 616 711 naves
634 674 805 710 ascendere
829 674 871 709 ad
893 674 1090 722 capiendam
1112 673 1222 709 civita-

193 741 271 774 tem,
289 731 324 764 ὅ(
337 728 357 763 fi
373 729 523 774 redirent,
542 742 678 764 manum
690 730 724 763 &
737 729 851 763 omnia
864 728 918 763 sua
933 727 1113 775 perderent.
1134 730 1222 770 Item,

190 783 248 830 qui
268 783 382 818 introit
404 782 568 818 civitatem
592 783 627 817 &
651 782 776 818 invenit
797 795 912 816 aurum
931 783 965 816 &
986 794 1158 829 argentum
1188 781 1222 815 δ(

190 836 303 870 omnia
324 836 397 880 alia,
424 849 487 883 que
505 835 676 879 invenerit,
704 834 827 870 adunet
847 836 880 869 in
899 834 997 870 tribus
1014 835 1068 870 vel
1089 835 1141 869 sex
1162 833 1222 868 do-

192 886 298 924 mibus
316 890 351 924 &
367 887 502 937 affignet
519 902 558 923 ea
576 888 728 934 stabilitis,
747 890 782 923 &
799 887 819 923 fi
841 889 912 935 quis
930 887 998 923 vult
1015 887 1184 932 derobare‚
1210 895 1219 911 ¹

190 941 307 991 perdat
321 954 457 976 manum
474 943 509 976 &
526 942 616 977 suam
630 955 767 990 partem.
790 944 879 986 Item,
899 941 1014 989 quibus
1028 954 1221 990 preceptum

191 995 286 1030 fixerit
303 995 415 1040 iurare,
445 993 596 1030 iurabunt
617 996 731 1042 punire
754 995 836 1039 illos,
870 995 925 1042 qui
943 994 1088 1042 predit‘ki
1107 995 1221 1031 statuta

190 1061 259 1083 non
283 1048 510 1084 observabunt.
541 1048 576 1084 Et
597 1049 794 1084 annunciata
819 1048 891 1083 sunt
919 1049 1011 1083 omni
1033 1048 1172 1096 populo,
1191 1050 1221 1084 6·

191 1104 222 1136 ἰιι
240 1105 357 1136 nomine
371 1105 500 1137 Domini
517 1102 548 1137 δ’
570 1104 651 1137 beare
668 1103 786 1137 Marie
808 1105 942 1148 virginis
955 1104 1111 1147 faciemus
1128 1102 1221 1148 insul-

189 1167 251 1189 tum
272 1158 393 1199 civitati
409 1155 439 1190 6·
459 1158 528 1190 'Deo
546 1157 704 1190 adiuvante
724 1159 876 1202 capiemus
898 1169 974 1190 eam.
999 1155 1034 1189 Et
1055 1153 1222 1202 respondit

192 1208 300 1242 omnis
318 1208 476 1256 populus:
495 1211 572 1252 fiat,
583 1211 664 1254 fiat!

237 1261 327 1296 L1V.⁴
354 1261 417 1297 Sed
434 1262 598 1298 Dominus
617 1262 720 1297 noluit
732 1269 746 1285 ²
764 1263 947 1310 exspeeiare
965 1261 1095 1296 decreta
1113 1261 1221 1296 homi-

191 1327 282 1359 num,
301 1327 380 1350 nam
392 1328 414 1350 v
428 1313 481 1350 die
498 1315 638 1350 intrante
652 1314 848 1351 Novembris
862 1314 915 1350 die
928 1315 1049 1359 Martis,
1060 1316 1091 1349 in
1110 1314 1221 1363 vigilia
1234 1323 1348 1346 Novemb.
1361 1329 1381 1353 5·

190 1367 299 1403 Sanffi
315 1367 474 1403 Leonardi
496 1369 529 1403 in
546 1367 656 1403 media
679 1369 789 1414 noste,
810 1381 875 1416 qua
894 1369 975 1403 hora
998 1368 1142 1403 Christus
1167 1380 1220 1403 ex-

191 1420 340 1469 spoliavit
368 1421 544 1466 infernum,
576 1421 750 1457 Christiani
779 1434 874 1457 muro
904 1422 1040 1457 civitatis
1066 1422 1219 1456 Damiate

14 1559 17 1561 Α
230 1540 239 1556 ι
255 1531 294 1557 Sic
307 1530 408 1565 legimus
423 1540 478 1557 cum
490 1532 573 1565 Mur.;
586 1532 623 1557 M.
635 1532 728 1566 prebet
740 1531 782 1565 iiij.
797 1547 830 1551 -—
844 1543 859 1559 2
874 1533 912 1558 M.
925 1533 1014 1559 voluit.

42 1590 48 1596 .
60 1572 77 1596 f.
91 1580 115 1597 ιι
120 1580 132 1604 5
144 1575 176 1597 Α.
226 1571 238 1581 ·
249 1572 306 1597 LIV
315 1581 343 1597 a.
362 1571 458 1601 Quinto
471 1571 559 1597 mensis
572 1571 724 1598 Novembris
736 1571 760 1597 in
774 1571 858 1606 vigilia
873 1572 947 1598 sanai
961 1573 1085 1598 Leonardi
1098 1573 1122 1598 in
1135 1572 1217 1599 media
1230 1574 1344 1596 Novemb.
1357 1579 1377 1602 5.

190 1611 272 1643 noae,
294 1620 344 1646 qua
362 1611 424 1636 hora
438 1611 549 1637 Christus
567 1611 858 1646 exspoliavit·infernum,
878 1612 1009 1638 Christiani
1026 1621 1098 1638 muro
1111 1612 1218 1639 civitatis

190 1651 310 1678 Damiate
320 1651 397 1677 scalas
409 1650 551 1686 posuerunt.
568 1653 634 1678 Cum
647 1657 733 1677 autem
747 1660 796 1677 una
807 1652 982 1678 Romanorum
998 1652 1062 1678 scaia
1073 1652 1146 1687 ipsius
1159 1652 1219 1679 civi-

190 1691 247 1718 tatis
262 1700 336 1717 muro
354 1690 414 1717 effet
428 1690 549 1726 apposita,
563 1691 674 1717 volentes
686 1690 711 1717 in
724 1691 850 1717 civitatem
860 1691 960 1724 intrare,
972 1691 1063 1718 iudicio
1077 1692 1125 1718 Dei
1141 1692 1218 1719 frasta

189 1732 230 1758 est.
246 1730 307 1757 Alie
321 1731 384 1757 scale
399 1739 503 1757 numero
515 1740 531 1757 x
543 1730 609 1757 intus
624 1731 751 1757 civitatem
765 1731 927 1764 intraverunt,
940 1731 982 1766 qui
996 1732 1070 1764 exire,
1083 1741 1128 1758 nec
1142 1733 1218 1759 scala-z

189 1779 335 1806 recuperare
356 1771 458 1797 minime
477 1778 621 1806 potuerunt,
642 1772 685 1806 qui
699 1771 838 1797 admodum
857 1772 952 1798 turbati
968 1772 1151 1807 plurimumque
1164 1781 1219 1808 per-

189 1811 267 1838 territi
279 1818 399 1846 ceperunt
413 1811 521 1838 clamare
535 1813 558 1838 δι
575 1812 669 1838 dicere:
690 1813 713 1837 Ο
728 1811 836 1843 Domine,
856 1821 869 1838 o
882 1812 991 1844 Domine,
1009 1813 1125 1846 miserere
1144 1813 1219 1844 nohis,

189 1851 293 1878 adiuva
306 1861 357 1884 nor,
368 1853 435 1878 Deus
443 1851 569 1885 salutaris
582 1852 665 1886 noster,
679 1852 737 1886 quia
747 1852 821 1877 onmis
827 1852 887 1885 spes
900 1852 1004 1886 &salui
1017 1853 1095 1886 nqlira
1107 1853 1133 1878 in
1145 1862 1218 1879 manu

5 1895 13 1915 i
191 1891 246 1917 Tua
260 1892 300 1926 est,
315 1892 343 1917 ὅ
351 1891 418 1917 mitte
427 1891 492 1918 nohis
508 1894 539 1917 de
551 1891 599 1918 celo
611 1892 708 1926 angelm
725 1893 796 1922 Tuos,
810 1892 853 1925 qui
863 1892 983 1926 nohfium
990 1892 1040 1926 fin!
1049 1893 1077 1918 ὅ
1086 1893 1221 1926 defendant

189 1939 230 1957 no!
242 1932 275 1957 ab
288 1931 367 1966 impiis
382 1932 408 1957 ὅ
420 1931 559 1957 crudelibus
574 1931 692 1965 paganis,
706 1937 734 1957 ut
744 1933 775 1957 de
786 1932 852 1958 nohis
861 1932 997 1966 potestatem
1009 1932 1101 1958 hahere
1113 1941 1159 1959 non
1164 1933 1219 1967 pos-

183 1970 242 2005 fint‚
255 1976 283 1997 ut
290 1972 398 2005 potentia
409 1972 438 1997 &P
446 1971 628 2005 magnificentia
643 1971 698 1997 ‘Tua
710 1972 743 1997 ab
755 1971 863 1997 omnihur
876 1971 992 1998 laudetur
1007 1972 1036 1997 ὅ
1044 1981 1127 1998 nomen
1141 1974 1219 1998 ‘Tuum

183 2009 300 2043 sanHum
309 2016 356 2045 per
370 2011 518 2045 universum
528 2012 608 2037 orbem
618 2011 773 2046 glorificetur
787 2012 815 2037 ὅ
823 2011 971 2038 benedictum
976 2011 1011 2045 ſs!
1022 2012 1047 2038 in
1051 2011 1139 2045 secula
1145 2013 1219 2046 secu-

189 2050 274 2076 lorum.
289 2051 371 2076 Amen.
395 2053 452 2080 Qua
466 2051 581 2076 oratione
599 2051 663 2076 fassa
679 2051 812 2077 Christiani
830 2058 959 2086 tamquam
976 2051 1057 2086 angeli
1071 2053 1217 2078 catervatim

189 2097 247 2115 cum
264 2089 332 2115 scalis
346 2091 368 2116 δι
384 2090 531 2116 {canonibus
544 2091 567 2116 δι
581 2090 632 2116 aliis
646 2091 718 2125 lignis
730 2091 798 2116 omni
812 2092 897 2123 modo,
914 2097 989 2126 prout
1001 2098 1126 2126 poterant,
1148 2092 1218 2126 super

191 2137 289 2154 murum
304 2128 410 2154 civitatis
424 2130 580 2155 conabantur
593 2130 723 2155 ascendere
736 2131 771 2156 ob
784 2130 930 2165 obsequium
943 2130 1046 2156 Domini
1059 2131 1133 2157 nostri
1147 2131 1217 2159 Ihesu
