1624 2788
39 900 238 931 Bfiaqgca.

52 1478 238 1510 Afi58b‚c.1.

472 247 522 274 DE
549 246 846 274 PREDICACIONE
870 248 895 273 S.
922 246 1061 274 CRUCIS.
1258 248 1282 284 7

303 358 383 392 Item
397 372 406 391 ι
425 354 572 400 Genesis,
589 365 640 390 xv
657 356 814 404 (13-18),
828 354 951 391 dietum
964 355 1009 390 est
1024 356 1178 391 «abrahe
1194 357 1283 403 &se-

252 413 330 444 mini
346 423 397 444 mo
412 416 420 432 ¹
439 410 576 456 subiet‘lo
587 411 730 455 servituti
739 426 750 443 .·
769 422 872 455 quarta
889 412 1084 456 generacione
1099 423 1283 445 revertuntur

251 465 319 507 huc,
339 478 357 494 υ
386 463 462 509 quia
490 461 632 509 quedam
663 463 723 497 fuit
747 463 933 510 generaci0‚
962 474 1023 497 nec
1047 461 1088 497 de
1115 463 1197 507 viro,
1221 475 1283 498 nec

253 514 295 550 de
308 515 442 560 femina,
455 528 491 550 ut
508 514 593 558 Ade,
614 515 757 562 quedam
775 515 816 550 de
829 517 899 551 viro
913 517 947 550 &
964 528 1033 550 non
1051 514 1092 550 de
1107 516 1238 561 femina,
1248 529 1283 551 ut

251 569 325 613 Eve,
345 568 489 616 quedam
513 570 547 603 &
565 568 606 603 de
624 569 694 603 viro
709 570 744 603 ὅ(
764 567 805 603 de
824 569 955 613 femina,
973 581 1008 604 ut
1025 568 1208 614 hominum,
1226 571 1282 617 qui

251 621 358 657 modo
374 622 457 666 lunt,
475 621 617 669 quedam
631 621 673 657 de
687 622 809 657 femina
821 624 855 657 ὃ(
868 636 936 657 non
951 622 992 658 de
1006 625 1088 667 vim,
1101 635 1136 657 ut
1153 622 1279 657 Christi.

251 676 332 710 Tres
360 676 470 723 primo
496 677 731 735 generaciones
755 677 982 723 prenominate
1002 674 1242 723 precesserunt
1234 688 1282 710 in-

253 729 495 772 carnacionem,
520 730 552 763 in
573 729 741 764 nativitate
766 741 875 764 autem
900 729 1018 764 Christi
1044 728 1283 764 consummavit

254 782 344 817 Deus
363 795 511 829 quartam
529 783 794 831 generacionem,
817 784 852 817 ὅ(
871 780 1065 829 impoffibile
1083 782 1151 826 fuit,
1175 782 1282 828 plures

252 833 328 878 effe,
343 848 380 869 ut
393 847 493 883 patet,
506 849 564 884 per
578 834 876 882 quadrimembrem
890 833 1080 870 divifionem
1091 833 1281 882 preditstam.

252 887 470 935 Completum
488 889 531 923 est
548 889 656 936 igitur,
680 887 770 935 quod
793 887 917 922 distum
937 888 991 923 est:
1019 904 1037 919 α
1059 889 1176 934 Qarta
1191 901 1281 935 gene-

251 944 373 975 racione
394 955 577 976 revertuntur
595 945 670 985 huc,
690 957 708 973 ³³
728 942 804 988 quia
828 941 971 976 Christus
1000 940 1146 976 liberavit
1172 941 1280 976 semen

252 993 382 1028 Abrahe
400 1007 419 1028 a
438 995 595 1030 servitute.
615 997 714 1029 Item:
733 994 803 1042 Qi
827 993 883 1029 fibi
907 995 1034 1038 minuit,
1064 1007 1099 1029 ut
1117 994 1244 1029 sanemr
1261 1007 1281 1029 a

252 1046 378 1091 dolore,
393 1060 461 1082 non
475 1047 610 1082 extrahit
628 1048 819 1096 sanguinem
832 1061 851 1082 a
863 1047 940 1082 loco
954 1047 1096 1091 infirmo,
1105 1046 1160 1082 sed
1172 1060 1189 1082 a
1202 1047 1280 1082 loco

251 1098 343 1144 sano,
363 1099 405 1134 fic
421 1100 564 1136 humana
582 1113 708 1145 natura,
725 1113 801 1135 cum
816 1100 946 1135 infirma
959 1099 1046 1144 esset,
1060 1113 1129 1135 non
1147 1101 1281 1136 extraxit

253 1151 444 1200 sanguinem
462 1167 481 1188 a
495 1154 572 1188 loco
590 1154 732 1197 infirmo,
753 1166 788 1188 ut
801 1154 973 1198 sanaretur,
985 1152 1039 1188 sed
1057 1166 1076 1188 a
1092 1153 1169 1188 loco
1189 1153 1279 1198 sano,

253 1205 372 1241 scilicet
389 1219 408 1241 a
426 1219 566 1255 corpore
585 1207 671 1242 lhesu
685 1207 801 1242 Christi
815 1208 848 1241 in
863 1219 968 1250 cruce,
987 1205 1078 1253 quod
1094 1206 1209 1241 sanum
1222 1206 1281 1241 fuit

254 1259 288 1292 &
306 1258 470 1294 mundum
481 1273 501 1294 a
514 1261 666 1308 peccatis,
680 1262 714 1295 ὅ(
732 1258 774 1294 fic
790 1258 1007 1295 mundabatur
1018 1273 1038 1294 a
1050 1260 1192 1307 peccatis
1211 1260 1246 1294 &
1261 1272 1280 1294 a

254 1323 362 1346 morte
381 1325 490 1348 eterna
507 1326 610 1361 genus
628 1313 819 1357 humanum,
837 1312 924 1347 unde
943 1313 1111 1357 lohannes,
1125 1314 1157 1347 in
1171 1313 1279 1360 primo

254 1363 401 1413 ca[pite]‚
407 1369 421 1384 ²
434 1368 587 1413 “Sanguis
595 1369 680 1414 Ihqsu
689 1368 716 1401 C
717 1369 802 1411 lmsti
811 1368 932 1400 mundat
941 1379 995 1400 nos
1003 1367 1040 1400 ab
1047 1369 1128 1400 omni
1130 1379 1277 1413 peccato»

254 1418 287 1463 (ι
313 1418 440 1461 Ιοεῃῃ.,
461 1428 485 1463 Ι,
501 1423 550 1466 7).

304 1472 383 1505 Item
401 1487 408 1505 :
435 1471 489 1506 Per
514 1472 618 1506 virum
644 1472 679 1506 &
699 1471 868 1517 mulierem
890 1470 999 1506 Adam
1026 1473 1060 1506 &
1079 1471 1175 1507 Evam
1192 1484 1280 1506 mors

253 1523 382 1558 intravit
398 1524 430 1558 in
452 1537 572 1558 ameno
588 1524 678 1568 loco,
695 1524 833 1572 pulchro
849 1525 883 1559 &
901 1523 1092 1569 delectabili,
1110 1525 1228 1560 scilicet
1246 1525 1280 1560 in

253 1575 417 1623 paradise),
443 1575 485 1611 sxc
502 1590 520 1611 e
537 1577 701 1612 contrario
719 1590 777 1625 per
793 1577 898 1612 virum
915 1578 949 1612 &
965 1577 1144 1622 mulierem,
1162 1577 1281 1612 scilicet

254 1629 420 1664 Christum
440 1631 475 1665 ὅ(
498 1630 644 1674 Mariam,
672 1631 737 1665 vita
764 1631 796 1665 in
818 1630 895 1664 loco
920 1629 1058 1675 tedios0‚
1082 1630 1224 1665 deformi
1246 1632 1281 1665 &

254 1681 421 1727 horribili;
439 1683 535 1717 item:
554 1696 641 1717 mors
659 1684 692 1717 in
716 1683 808 1731 ligno
827 1683 976 1730 pulchre,
993 1684 1059 1719 vita
1076 1684 1109 1718 in
1126 1683 1230 1732 ligno,
1246 1683 1280 1718 id

254 1735 299 1770 est
315 1736 349 1770 in
363 1748 458 1770 cruce
471 1734 613 1771 deformi
619 1752 629 1781 3
646 1737 743 1771 item:
757 1748 846 1770 mors
863 1736 946 1771 infra
961 1735 1120 1771 ambitum
1134 1735 1280 1784 paradifi,

253 1788 319 1823 vita
336 1801 425 1823 extra
440 1789 550 1832 castra,
570 1787 656 1823 unde
673 1788 716 1823 ad
735 1787 884 1824 Hebreos
903 1789 1030 1834 ultimo,
1050 1805 1068 1820 α
1079 1792 1223 1824 Exeamus
1240 1791 1280 1824 ad

253 1855 317 1876 eum
336 1855 418 1876 extra
444 1845 567 1887 castrum
600 1845 812 1888 improperium
834 1845 898 1877 eius
913 1855 1070 1889 portantes
1075 1857 1087 1882 ,¹
1114 1856 1171 1877 non
1202 1846 1279 1878 enim

253 1895 393 1929 habemus
406 1907 568 1929 manentem
586 1897 762 1929 civitatem»
777 1893 912 1943 (Hebr.,
924 1905 1006 1939 xm,
1028 1904 1065 1943 13
1086 1895 1177 1942 seq.)

303 1949 380 1982 {tem
395 1964 402 1982 :
423 1950 455 1982 ln
482 1947 618 1995 pulchro
635 1947 727 1996 ligno
745 1946 882 1995 paradifi
899 1947 956 1983 sub
974 1948 1072 1996 pallio
1090 1949 1154 1983 vite
1171 1949 1280 1984 occul-

255 1998 384 2035 tabatur
400 2013 500 2044 mors,
514 2001 558 2035 ita
571 2014 589 2035 e
603 2002 767 2036 contrario
785 2002 819 2036 in
831 2001 924 2049 ligno
939 2001 1121 2037 deformi&
1134 2001 1280 2037 horribili

253 2052 310 2088 sub
329 2053 432 2101 pallio
450 2055 564 2088 mortis
577 2052 838 2090 abscondebatur
848 2055 925 2100 vita,
941 2054 1019 2090 sicut
1029 2055 1127 2090 etiam
1136 2055 1171 2090 in
1185 2067 1278 2090 cruce

291 2138 299 2153 ι
317 2129 339 2154 Α
353 2129 410 2163 suo5
422 2142 453 2147 —
470 2138 483 2153 2
498 2129 520 2153 A
534 2128 613 2165 prima
626 2128 751 2155 canonica.
