1624 2788
560 213 765 240 OBSIDIONIS
789 212 987 239 DAMIATE.
1228 211 1274 249 79

254 338 373 360 norum
382 326 416 360 ἂ
426 326 676 360 Sarracenorum
684 324 835 358 exercitui
847 324 1135 371 appropinquavit,
1150 323 1233 360 tubis
1241 327 1276 360 δε
1292 333 1349 356 1218

255 377 329 413 belli
346 378 561 413 instrumentis
578 390 638 425 per
653 369 760 425 partes
780 375 980 419 sonantibus,
1004 377 1142 425 prelium
1159 378 1276 414 durum

253 433 287 467 ὅ(
300 432 449 478 iniquum
461 431 620 478 incipitur.
635 431 724 465 Dum
737 442 846 465 autem
858 429 1049 477 iniquiffime
1058 431 1278 478 preliarentur‚

253 485 469 532 percipientes
493 484 612 532 Pagani
629 485 664 518 &
681 484 857 527 Sarraceni‚
876 483 908 518 se
923 490 932 506 ¹
946 483 1082 519 resistere
1098 497 1168 519 non
1186 484 1278 533 poffe

253 539 288 572 &
303 536 554 573 innumerabiles
571 550 609 571 ex
627 537 670 571 eis
687 537 721 571 in
740 546 860 583 campo
877 549 1024 571 mortuos
1042 539 1076 572 &
1093 538 1278 573 vulneratos

254 592 368 635 iacere,
394 591 554 638 perterriti
576 590 689 638 fugam
711 591 881 637 petierunt,
909 602 991 636 quos
1009 590 1181 626 Christiani
1198 592 1278 627 inse-

255 656 390 693 quentes
407 643 524 679 accidit
552 642 662 678 divina
679 643 837 690 potentia,
860 642 952 690 quod
970 644 1136 678 Daviticus
1148 652 1162 667 2
1173 645 1278 680 versus

94 703 120 726 Ρ-
132 703 148 726 f·
161 711 204 733 109
215 704 240 726 B·
255 698 288 732 in
306 710 344 732 ea
365 697 444 745 fuga
459 697 503 732 est
521 703 729 740 3renovatus,
753 697 829 742 quia
846 710 920 731 unus
937 698 1022 731 mille
1039 698 1070 732 ὀ·
1087 699 1163 733 alter
1180 700 1278 732 decem

256 751 357 785 millia
383 748 705 798 paganos4fugabat
728 751 761 795 (1
784 749 922 784 Samuel.
947 760 1054 795 XVIII,
1077 755 1125 799 7).
1152 753 1185 785 ln
1209 764 1276 798 quo

255 803 356 850 prelio
375 801 625 837 innumerabiles
646 815 685 837 ex
703 802 835 850 Paganis
854 804 888 836 ὃ(
906 803 1085 838 Sarracenis
1103 805 1175 838 sunt
1191 805 1278 851 capti

254 857 289 891 &
306 856 470 891 interfeffl.
499 855 542 890 Illi
570 868 659 899 vero,
686 856 742 902 qui
765 856 797 890 in
820 855 920 903 galeis
939 869 996 902 per
1013 855 1152 892 fluminis
1173 856 1278 892 undas

100 919 135 942 Μ.
147 919 162 942 f.
174 920 204 943 ει
214 920 238 942 Β.
256 921 421 953 venerunt,
447 910 482 944 in
504 922 590 955 aqua
616 907 766 943 submersi
792 909 874 943 sunt.
913 909 1092 944 Vicloriam
1121 923 1279 958 magnam

253 961 435 997 habuerunt
452 962 624 997 Christiani
644 962 737 1009 super
754 962 958 1009 Paganorum
975 964 1009 997 ὅ(
1029 963 1279 998 sarracenorum

253 1027 387 1063 gentem
404 1016 437 1050 in
454 1015 526 1062 ipso
545 1015 668 1062 prelio;
687 1015 805 1063 gratias
822 1015 856 1048 ὅ(
872 1014 983 1050 laudes
1002 1017 1150 1050 Domino
1169 1016 1279 1050 nostro

254 1068 341 1103 lhesu
371 1068 501 1104 Christo
531 1068 725 1103 referamus!
751 1068 907 1115 Quorum
936 1069 1091 1117 sanguine
1115 1071 1149 1104 &
1171 1082 1279 1116 putre-

66 1126 128 1150 Μυ-
139 1134 160 1156 r·
174 1125 239 1148 ¹088·
254 1119 330 1156 dine
344 1134 443 1168 atque
461 1122 563 1156 fetore
576 1134 636 1168 pro
650 1121 875 1156 interfeffmne
893 1135 1007 1156 eorum
1020 1136 1079 1170 per
1092 1123 1197 1169 plures
1211 1122 1279 1157 dies

254 1174 427 1209 Christiani
442 1175 605 1219 steterunt,
622 1174 714 1221 quod
732 1174 773 1209 de
788 1173 930 1210 fluminis
944 1188 1030 1222 aqua
1047 1176 1153 1210 nullus
1171 1174 1279 1210 bibere

253 1229 372 1275 potuit,
391 1241 452 1263 nec
469 1228 648 1275 coquinam
669 1228 784 1263 facere.

304 1281 354 1316 lX.
370 1281 404 1316 Et
421 1280 501 1316 dum
515 1281 575 1316 hec
591 1294 773 1329 agerentur,
792 1282 941 1330 magister
958 1281 1117 1317 Robertus
1135 1282 1176 1317 de
1194 1282 1278 1318 Cur-

254 1334 344 1379 sone,
357 1335 405 1369 vir
418 1334 536 1369 nobilis
548 1336 582 1370 &
595 1334 841 1382 pooemiffimus,
853 1337 887 1370 ὅ(
901 1348 1013 1370 comes
1025 1335 1067 1371 de
1083 1335 1277 1383 (Niversa)‚s

254 1387 302 1422 vir
310 1389 458 1435 egregius
466 1389 500 1422 &
512 1388 525 1410 ⁶
538 1386 690 1434 pruden5‚
704 1389 737 1423 &
747 1388 839 1423 multi
848 1388 964 1423 milites
975 1388 1016 1423 de
1028 1390 1158 1424 Francia
1168 1391 1202 1424 &
1211 1390 1278 1423 An-

253 1439 319 1488 glia
331 1442 365 1475 &
378 1440 420 1475 de
434 1441 502 1475 aliis
513 1441 770 1476 Christianorum
781 1440 923 1489 partibus
934 1441 976 1476 ad
985 1443 1137 1477 Damiate
1147 1454 1279 1490 portum

255 1493 372 1528 virtute
382 1494 520 1528 Domini
528 1507 759 1542 pervenerunt3
770 1494 867 1542 gavisi
876 1495 949 1530 sunt
956 1508 1099 1543 namque
1108 1496 1281 1531 Christiani

255 1546 380 1594 ingenti
401 1546 509 1582 letitia.
528 1547 745 1595 Cognoscens
764 1549 861 1595 igitur
878 1561 932 1583 rex
950 1549 1054 1596 Egipti
1075 1548 1253 1584 adventum
1265 1555 1278 1577 ⁷

257 1612 372 1634 eorum
391 1600 565 1647 plurimum
579 1601 623 1635 est
636 1599 788 1636 turbatus.
810 1601 976 1648 Proposuit
986 1602 1096 1649 itaque
1110 1602 1199 1638 idem
1214 1616 1279 1647 rex,

255 1664 431 1700 antequam
440 1666 543 1700 equos
553 1653 594 1688 de
602 1652 738 1689 navibus
747 1654 918 1699 traherent,
927 1667 1004 1689 cum
1012 1655 1199 1691 Christianis
1209 1669 1280 1704 pre—

254 1705 332 1740 lium
349 1707 563 1742 committere.
582 1707 794 1742 Transeuntes
804 1707 936 1754 quidem
947 1708 1064 1756 Pagani
1073 1710 1280 1745 &Sarraceni

255 1758 372 1793 milites
390 1759 566 1806 quemdam
580 1772 718 1807 pontem
730 1761 829 1808 usque
847 1760 888 1795 ad
901 1761 1158 1796 Christianorum
1176 1774 1279 1811 temp-

257 1812 339 1846 toria
352 1825 526 1847 currerunt.
539 1812 695 1848 Videntes
709 1813 773 1847 hoc
782 1813 955 1849 Christiani
968 1814 1138 1850 confestim
1150 1816 1185 1850 &
1193 1816 1281 1851 velo-

256 1864 377 1899 ciffime
395 1878 498 1912 equos
515 1865 726 1901 ascenderunt
742 1867 776 1901 ὅ(
795 1880 871 1902 cum
894 1867 938 1902 eis
956 1867 1094 1915 prelium
1120 1882 1280 1918 magnum

255 1919 502 1964 commiserunt,
522 1920 578 1966 qui
594 1931 685 1967 terga
702 1931 861 1956 vertentes
879 1922 978 1968 usque
995 1921 1038 1956 ad
1055 1921 1178 1957 dietum
1195 1935 1280 1970 pon-

294 2055 302 2071 ι
324 2047 362 2072 Μ.
380 2048 442 2072 add.
452 2062 485 2065 —
498 2057 511 2071 2
525 2048 563 2073 M.
572 2048 717 2073 Davidicus.
730 2063 765 2067 —
783 2056 794 2079 3
806 2049 831 2073 P.
841 2050 902 2074 add.
916 2063 948 2067 —
960 2058 977 2080 4
986 2050 1023 2075 M.
1033 2049 1153 2084 parianus.
1162 2060 1218 2085 —5
1229 2052 1279 2078 Va-

254 2091 296 2111 cat
308 2085 333 2111 in
346 2092 446 2121 utroque
459 2087 544 2112 codice.
559 2102 591 2106 —
607 2090 621 2113 6
636 2088 661 2113 P.
671 2089 732 2114 add.
747 2103 781 2107 —
795 2096 808 2119 7
825 2089 850 2113 P.
864 2088 896 2114 de
908 2088 1024 2115 adventu.
