1624 2788
379 282 427 319 66
663 290 713 316 m:
739 289 898 315 ITINERE
923 288 1124 315 Flusomm.

309 420 366 442 1217
379 403 436 438 liat
464 403 498 437 δι
524 400 685 445 sublimat,
715 399 835 435 eodem
861 399 914 435 die
938 401 1068 435 mutatis
1097 412 1158 448 pro
1183 410 1264 436 voto
1292 399 1406 442 ventis,

256 1052 313 1080 Aug.
328 1058 363 1081 ¹5·

382 468 502 491 ceteras
523 467 621 490 naves
638 456 673 489 &
691 454 796 489 socios
814 454 940 488 nostros
955 454 989 488 in
1002 454 1089 489 viam
1103 453 1278 488 voluntatis
1295 465 1409 488 eorum

379 508 514 544 reduxit.
542 508 612 543 Nos
637 521 716 543 vero
744 521 762 542 a
780 519 877 555 portu
901 507 985 542 exire
1004 519 1073 542 non
1090 506 1245 551 valentes,
1270 505 1350 541 duas
1365 505 1410 541 ibi

380 565 492 597 noctes
507 562 682 609 exegimus.
695 561 813 596 Tercio
828 560 962 595 tandem
972 559 1024 595 die
1039 561 1111 595 vela
1122 560 1275 604 levantes,
1290 557 1410 594 eodem

379 615 431 650 die
449 616 534 650 circa
557 615 630 650 solis
651 615 804 650 occasum
823 613 970 649 horridas
997 615 1104 649 fauces
1126 613 1327 657 intravimus,
1354 610 1410 647 ubi

378 668 503 717 Europa
522 671 556 704 &
569 668 699 714 Affrica,
718 667 883 703 montibus
895 668 1008 703 ereffls
1022 669 1056 702 in
1069 667 1186 710 celum,
1207 665 1300 701 facile
1315 665 1410 700 cons·
1427 666 1433 671 ’

379 723 541 770 piciuntur
565 736 584 757 a
611 722 730 758 dextris
751 724 786 758 &
809 735 829 757 a
846 721 980 757 finistris.
1009 720 1052 756 lbi
1082 719 1270 756 Mulemuda
1299 720 1410 755 civitas

379 776 498 811 Affrice
516 778 550 811 δ(
564 777 720 824 Ceteriph
739 775 903 824 oppidum
918 775 1074 822 Hispanie
1088 787 1127 810 ex
1140 785 1231 822 parte
1244 773 1409 808 montium

378 828 576 865 occidentali
593 829 635 864 sic
652 842 767 864 contra
779 841 949 877 ponuntur
962 835 970 851 ¹
985 841 1024 863 ex
1037 827 1172 872 direeto,
1191 838 1226 861 ut
1243 839 1409 861 commea-

379 884 425 918 tui
438 882 635 919 breviffimus
654 883 698 918 est
711 881 864 918 transitus.
886 881 939 916 Ad
955 882 1114 916 orientem
1127 893 1205 915 vero
1214 880 1324 927 Cepta
1333 879 1410 915 civi-

377 948 424 971 tas
438 937 636 984 conspicitur
649 937 681 971 in
695 935 826 978 Affrica,
843 936 895 970 cui
909 948 946 970 ex
960 934 1083 970 direc'to
1091 934 1255 982 Malagam
1267 932 1410 981 opponit

378 989 543 1037 Hispania.
575 991 672 1038 [gitur
698 991 729 1024 in
749 989 806 1024 alis
831 987 954 1036 zephiri
980 1001 1052 1023 toto
1070 1000 1199 1023 carcere
1215 985 1326 1031 emiffi,
1357 985 1410 1021 die

378 1042 615 1091 Affumptionis
639 1042 732 1078 beate
749 1043 893 1091 Virginis
909 1041 1072 1090 assumpti,
1096 1054 1165 1076 non
1183 1041 1337 1088 navigare
1355 1039 1409 1075 sed

377 1096 488 1132 volare
505 1095 710 1140 videbamur,
734 1097 777 1130 ita
795 1108 830 1130 ut
848 1097 905 1142 qui
922 1096 997 1143 sepe
1015 1094 1249 1130 descenderant
1265 1095 1297 1128 in
1316 1093 1406 1128 navi-

375 1148 435 1184 bus
453 1151 487 1184 &
505 1151 712 1197 operationes
737 1149 881 1184 fecerant
908 1148 941 1183 in
969 1149 1071 1195 aquis,
1097 1160 1264 1195 nunquam
1290 1147 1322 1181 se
1339 1159 1407 1182 tam

377 1203 462 1237 iratis
480 1203 658 1247 elementis,
682 1215 749 1238 tam
780 1201 965 1237 inmanibus
998 1201 1147 1249 procellis
1170 1202 1307 1236 iaetatos
1323 1200 1406 1235 iura-

376 1267 455 1292 rent.
474 1257 588 1291 Ventis
607 1258 717 1304 itaque
735 1255 922 1304 urgentibus
937 1269 956 1290 a
969 1255 1147 1302 conspeetu
1161 1254 1328 1301 Hffpanie,
1343 1266 1406 1301 que

375 1322 434 1356 pre
462 1310 564 1344 oculis
591 1310 716 1357 semper
741 1308 893 1344 habenda
910 1309 964 1354 est,
993 1307 1215 1344 Balbellonam
1243 1306 1404 1351 euntibus,

375 1362 476 1411 longe
503 1362 599 1398 delati
618 1363 709 1398 Evice
727 1363 864 1398 insulam
883 1374 998 1409 quarto
1018 1361 1070 1397 die
1087 1362 1246 1406 venimus,
1273 1359 1328 1395 ubi
1345 1372 1406 1395 nos

376 1415 516 1451 deviasse
532 1417 781 1464 cognoscentes,
799 1417 903 1464 proris
926 1415 969 1450 ad
987 1427 1105 1451 terram
1120 1412 1292 1459 converfis‚
1309 1414 1405 1449 tertio

375 1468 428 1504 die
451 1470 626 1504 Tortosam
657 1470 818 1505 civitatem
837 1469 1034 1514 acceffimus‚
1065 1467 1121 1504 ubi
1145 1468 1256 1503 Errora
1280 1466 1406 1512 fluvius,

374 1521 466 1557 limes
490 1523 638 1571 gentium
660 1524 695 1558 ὃ(
717 1523 871 1558 terminus
889 1522 1045 1567 fidelium,
1066 1521 1214 1557 dulcibus
1242 1522 1334 1569 aquis
1358 1522 1406 1557 in-

374 1573 477 1609 fluens
506 1575 757 1610 amaritudinem
784 1587 945 1623 temperat
961 1577 996 1611 &
1013 1574 1119 1611 reddit
1139 1573 1333 1622 potabilem.
1363 1573 1407 1610 lbi

375 1627 510 1663 tandem
528 1629 709 1664 Sarracenis
731 1642 750 1663 a
769 1641 862 1676 tergo
881 1629 1007 1672 reliffls,
1032 1627 1215 1663 libertatem
1239 1627 1406 1664 consecuti

374 1682 408 1716 &
433 1694 534 1728 aquas
558 1681 757 1730 potabileS,²
776 1683 892 1718 veteris
909 1683 1042 1718 veritate
1066 1680 1205 1730 probata
1229 1680 1406 1729 proverbii,

375 1734 467 1781 quod
484 1734 667 1770 libertatem
684 1735 810 1770 estimat
826 1736 860 1770 &
877 1735 1023 1783 precium
1042 1735 1138 1782 ponit
1154 1747 1239 1782 aque
1255 1733 1404 1783 potabili‚

375 1787 576 1823 laudavimus
595 1789 809 1824 inventorem.
830 1789 1003 1824 Defecerat
1020 1789 1108 1824 enim
1126 1786 1220 1824 nobis
1237 1801 1333 1835 aqua,
1347 1794 1358 1818 ³
1371 1788 1405 1823 &

374 1841 469 1876 multi
491 1841 532 1876 de
549 1842 662 1876 nostris
680 1841 741 1876 sitis
760 1843 794 1877 &
813 1840 950 1877 febrium
967 1843 1000 1876 ὅ(
1022 1840 1202 1877 dissenterie
1220 1842 1327 1877 calore
1344 1842 1405 1876 fer-

376 1906 487 1929 ventes
505 1907 605 1942 aquas
625 1896 721 1929 maris
740 1908 865 1930 amaras
883 1894 1064 1930 haurientes
1081 1893 1164 1929 sitim
1181 1894 1404 1942 extinguendo

376 1946 571 1992 incitabant3
599 1948 651 1992 aljj
669 1948 784 1982 limum
797 1949 831 1983 in
844 1947 968 1996 lagenis
983 1949 1162 1992 inventum,
1175 1947 1229 1991 alij
1243 1947 1404 1994 quoscun-

376 2011 440 2045 que
460 2000 578 2035 frudlus
606 1999 756 2035 manibus
774 1999 1008 2047 exprimebant,
1036 2000 1223 2036 necessitatis
1240 2001 1292 2035 sue
1313 2012 1403 2035 men-

376 2051 521 2089 dicantes
538 2054 712 2098 auxilium3
741 2053 794 2097 alij
813 2053 897 2088 feces
915 2055 983 2089 vini
1007 2054 1058 2088 vel
1077 2053 1206 2089 cervisie
1224 2052 1403 2102 sugebant3

413 2178 420 2192 ι
438 2172 465 2196 A.
487 2177 582 2204 pentur.
597 2186 630 2189 -—
646 2181 659 2195 2
674 2171 739 2196 „affl
751 2174 805 2196 add
828 2172 856 2195 Η.
874 2186 905 2189 -
923 2180 933 2201 3
949 2173 978 2196 A.
993 2180 1033 2205 aq.

1418 1216 1438 1231 e.
1451 1214 1486 1237 32,
