1624 2788
63 318 99 348 R,
109 326 131 350 p.
141 325 195 348 232,
204 325 225 342 e.
236 324 257 342 x.

63 581 255 611 V„f.8v⁰,e.1.

59 1485 94 1514 3.,
102 1493 125 1516 p.
133 1492 187 1515 23²,
200 1494 218 1508 ε,
231 1493 253 1508 2.

58 1543 99 1571 V.,
115 1542 130 1565 f.
139 1542 152 1565 8
162 1544 197 1571 νῦ,
205 1550 252 1566 ια..

478 199 784 226 CRUCIGERORUM
809 199 1092 226 RHENANORU'M.
1247 201 1294 240 45

271 307 486 352 attendentes,
503 309 621 357 ripam,
637 306 732 343 nobis
748 307 945 356 oppositam,
965 306 1087 344 foffatis
1100 310 1134 344 &
1147 309 1296 358 argillosa
1311 322 1370 346 12¹9

271 362 406 397 materia
432 375 509 397 cum
525 361 781 410 propugnaculis
797 361 912 410 ligneis
929 362 999 397 altis
1014 363 1210 407 munierunt,
1227 376 1295 398 ma-

271 414 383 450 chinas
393 416 427 450 &
435 415 586 463 petrarias
598 413 723 450 ibidem
735 414 890 459 locantes,
900 428 957 462 per
969 415 1081 450 locum
1093 415 1185 451 illum
1197 416 1295 451 trans-

271 468 371 504 eundi
383 468 474 516 spem
486 466 582 502 nobis
599 468 723 502 auferre
734 467 921 515 gestiebant.
939 469 971 502 A
983 468 1077 503 casali
1096 482 1185 514 ver0,
1203 469 1295 516 quod

270 521 410 556 miliario
427 521 494 556 fere
511 520 604 555 distat
621 534 640 555 a
657 521 797 564 civitate,
817 520 871 555 ubi
888 521 948 555 hec
963 534 1052 557 nova
1068 523 1213 557 municio
1236 523 1297 557 im-

270 573 463 619 minabatur,
483 587 540 622 per
552 574 764 610 transversum
774 573 916 609 fluminis
930 576 1062 610 navium
1075 574 1296 611 immersiones

270 628 415 663 fecerunt
431 640 507 662 cum
523 627 604 675 palis
621 626 724 662 infixis
742 628 872 676 gurgiti.

315 680 502 728 Apostolice
510 693 588 716 vero
599 679 680 715 sedis
687 681 824 728 legatus,
837 679 1030 716 defiderium
1039 680 1161 717 habens
1168 681 1295 718 bonum

269 733 439 769 obsidendi
447 734 621 778 civitatem,
635 747 743 778 naves,
758 734 898 781 superius
911 747 1140 783 congregatas,
1159 734 1296 784 urgebat

268 786 311 822 ad
330 785 505 822 transitum.
527 785 624 823 Unde
637 799 808 835 coggones
826 788 1081 836 propugnaculis
1098 790 1132 823 &
1150 789 1294 836 castellis,

268 840 342 876 viris
359 840 464 875 eciam
487 841 618 874 armatis
637 841 764 885 muniti,
780 847 788 863 ¹
802 840 902 888 galeis
921 840 1055 876 navibus
1075 842 1292 889 sequentibus,

269 893 398 929 Christo
409 900 424 915 ²
443 892 537 936 duce,
558 905 616 940 per
637 893 754 941 scripta
772 894 914 941 pericula
930 895 964 929 in
981 894 1165 930 tranfione³
1186 897 1294 932 evase-

268 958 353 990 runt,
369 945 474 981 hostes
491 959 610 990 autem,
628 945 823 981 diffimulato
841 959 942 991 metu,
960 960 1022 982 tres
1039 948 1169 984 ordines
1187 962 1293 985 arma-

268 1012 378 1034 torum
396 999 528 1034 stacioni
545 1000 678 1034 navium
699 1000 879 1034 nostrarum
898 1002 1163 1048 composuerunt.
1184 1003 1293 1039 Unam

268 1052 418 1100 peditum
441 1053 534 1100 super
558 1053 663 1100 ripam
680 1065 757 1088 cum
773 1052 894 1100 clipeis,
919 1066 1002 1100 quos
1027 1054 1163 1089 tarchias
1181 1056 1293 1103 appel-

264 1105 344 1151 lant,
361 1106 548 1142 lineariter⁴
559 1105 763 1151 ordinarunt,
790 1106 966 1141 secundam
984 1108 1055 1155 post
1072 1107 1205 1144 dorsum
1222 1109 1293 1144 illo-

265 1172 337 1194 rum
346 1158 481 1194 fimilem
489 1160 599 1207 priori,
610 1160 742 1195 terciam
755 1161 903 1207 equitum
911 1161 1050 1209 longam
1064 1163 1098 1196 &
1107 1161 1291 1206 terribilem,

264 1211 379 1247 ictibus
400 1212 550 1261 lapidum
574 1215 608 1248 &
631 1213 770 1248 telorum
793 1215 986 1249 vexancium
1003 1215 1181 1250 stacionem
1199 1215 1293 1251 chris-

265 1266 439 1301 tianorum.
459 1267 541 1302 Sane
554 1267 587 1302 in
607 1267 686 1302 festo
704 1267 821 1302 Sanfie
835 1267 976 1315 Agathe,
996 1281 1073 1303 cum
1090 1268 1293 1304 coadunatus
1306 1283 1369 1305 Febr.
1378 1289 1400 1313 5-

265 1317 343 1354 esset
357 1319 499 1367 populus
515 1319 674 1364 fidelium,
702 1321 757 1367 qui
775 1319 827 1355 die
848 1321 994 1368 sequenti
1013 1335 1081 1356 erat
1097 1321 1291 1366 tranfiturus,

265 1372 374 1420 pluvie
399 1373 433 1407 ὅ(
450 1374 539 1408 venti
560 1373 700 1408 multum
725 1373 914 1409 discriminis
940 1374 1052 1409 nostris
1074 1375 1293 1422 contulerunt,

265 1425 320 1461 sed
338 1427 408 1473 pius
427 1427 528 1471 Deus,
546 1427 715 1474 respiciens
738 1425 782 1461 ad
799 1428 898 1462 castra
915 1428 1057 1473 suorum,
1075 1428 1167 1476 quod
1180 1430 1293 1464 secun-

265 1478 346 1514 dum
359 1479 468 1514 causas
483 1479 650 1514 inferiores
665 1479 797 1516 difficile
814 1479 993 1525 videbatur,
1011 1482 1201 1516 facillimum
1216 1482 1292 1518 effe-

265 1532 319 1574 cit,
337 1531 390 1566 sue
402 1533 525 1567 virtutis
538 1533 698 1568 innovans
711 1534 876 1569 miracula.
895 1534 965 1568 Post
978 1534 1122 1570 mediam
1136 1534 1293 1582 liquidem

264 1587 397 1620 noelem
415 1597 542 1620 tantum
563 1598 721 1633 pavorem
743 1586 880 1622 soldano
900 1586 1072 1633 Babylonis
1097 1590 1132 1623 &
1157 1591 1292 1626 catervis

263 1638 328 1673 eius
345 1638 479 1683 incuffit,
497 1651 543 1684 ut,
561 1639 674 1674 relie'tis
692 1640 810 1685 castris,
829 1640 970 1688 Egyptiis
989 1641 1290 1691 [ignorantibus],5

263 1702 346 1736 quos
364 1689 407 1725 ad
424 1667 632 1727 resistendum
649 1669 868 1738 ordinaverat,
889 1695 923 1728 in
940 1695 1008 1729 lola
1027 1695 1105 1743 fuga
1123 1695 1214 1743 spem
1231 1709 1291 1744 po-

261 1756 360 1778 neret.
382 1744 531 1792 Qidam
548 1758 658 1781 autem
671 1747 829 1795 apostata,
852 1748 918 1794 qui,
922 1748 1067 1783 multo
1059 1761 1126 1783 iam
1143 1761 1291 1797 tempore

262 1795 465 1832 christianam
477 1798 586 1847 legem
602 1799 819 1849 transgressus,
838 1800 974 1878 soldano
994 1801 1194 1866 militaverat,
1209 1802 1292 1838 stans

261 1849 295 1884 in
314 1850 383 1898 ripa
401 1851 517 1899 gallice
535 1851 720 1889 clamabat:

311 1903 423 1951 Quare
449 1907 647 1941 moramini?
665 1906 757 1955 Qid
775 1907 963 1955 trepidatis?
983 1908 1075 1956 Qid
1090 1908 1248 1946 hesitatis,
1242 1913 1254 1938 >
1277 1913 1290 1935 ⁶

299 1974 309 1991 1
328 1965 358 1991 V.
366 1966 428 1992 &R
439 1967 548 1992 munitis.
558 1977 618 1993 —2
632 1968 746 1995 uehi-is-
808 1969 1290 2006 Damiatina‚p.1408.-—,⁶Cosr1gm-

261 2004 337 2031 tiano.
354 2021 389 2024 —
408 2015 420 2037 3
438 2007 466 2031 V.
478 2007 507 2032 ὅ
520 2007 572 2033 Β,“
565 2017 589 2033 m
603 2008 745 2034 tranfiones.
808 2010 866 2035 dum
884 2010 989 2035 videtur
1003 2019 1016 2035 e
1028 2015 1096 2036 texru
1111 2011 1232 2046 Oliverij,
1246 2017 1292 2047 pro

262 2059 294 2064 —
307 2054 324 2076 4
338 2045 367 2070 V.
381 2045 451 2079 ligne
464 2053 547 2072 autem
559 2060 566 2080 ς
579 2048 604 2072 Β.
619 2047 745 2074 lineanter.
809 2049 912 2082 esuritis,
924 2050 988 2085 quod
999 2050 1090 2077 codices
1099 2052 1215 2086 praehent.

262 2098 295 2105 -—
306 2093 318 2117 5
329 2085 467 2120 Supplemus
475 2094 508 2112 ex
517 2086 631 2122 Oliverij
640 2087 747 2121 Historia
