1624 2788
378 266 424 304 86
839 276 965 302 GESTA

306 403 364 426 1219
378 398 477 433 quem
505 385 666 421 faciebant
694 387 856 421 Sarraceni
884 385 1054 434 fugiendO.
1084 386 1118 421 Et
1142 387 1175 421 in
1202 399 1315 422 aurora
1338 387 1402 422 diei

269 449 332 472 Febr.
344 455 365 479 5-
378 440 493 475 Sansste
510 439 638 488 Agathe
652 440 738 474 faeta
751 440 811 474 fuit
823 439 1035 487 tranquillitas
1043 441 1077 474 in
1090 438 1234 485 flumine,
1245 441 1279 475 &
1292 440 1402 476 Chris·
1413 451 1473 475 Mur.
1484 460 1505 482 p.
1519 459 1584 482 1091.

378 494 466 537 tiani,
493 493 550 540 qui
575 505 666 528 erant
683 493 717 527 in
733 493 839 541 lignis,
868 491 1037 528 audiemur
1061 506 1161 528 unam
1179 506 1298 529 vocem
1315 494 1402 529 iuxta

376 545 498 581 flumen
528 545 707 581 dicentem:
740 548 769 581 Ο
787 548 961 592 Christiani,
989 548 1062 592 quid
1075 549 1214 592 facitis?
1239 549 1312 581 Ecce
1329 548 1402 582 Sar-

374 602 474 634 raceni
487 613 586 634 omnes
589 602 730 646 fugiunt,
743 600 773 634 δ’
783 613 839 635 ηοη
848 602 995 646 exspec‘lat
1000 613 1090 646 pater
1094 601 1219 644 filium!
1233 600 1266 634 Et
1274 600 1403 635 interim

374 651 524 688 viderunt
543 666 645 688 unum
662 653 799 688 militem
820 652 900 688 albis
916 651 1066 698 vestibus,
1093 653 1180 687 iuxta
1197 651 1319 688 flumen
1337 652 1403 688 hoc

375 705 550 750 dicentem,
573 708 608 741 ὅ(
629 707 798 742 confestim
815 705 1051 741 descenderunt
1067 705 1110 741 ad
1132 718 1248 741 terram
1275 707 1309 741 &
1334 719 1403 742 non

372 761 566 795 invenerunt
588 759 642 794 nifi
664 773 788 808 paucos
806 761 999 795 Sarracenos
1017 773 1074 807 per
1091 772 1247 807 campum
1266 761 1300 794 &
1314 761 1403 795 occi-

374 812 491 848 derunt
503 827 560 848 eos
579 815 614 848 &
632 814 751 848 multos
763 814 956 848 invenerunt
972 825 1132 857 mortuos,
1149 815 1182 848 &
1201 814 1256 860 qui
1274 812 1402 849 occide-

375 865 430 901 bat
447 879 514 911 eos,
534 866 727 902 nesciebant.

422 920 519 955 XVH.
540 920 574 954 Et
590 921 783 955 invenerunt
804 919 976 955 Christiani
997 920 1030 954 in
1053 919 1142 954 die‘to
1166 932 1287 968 campo
1306 922 1402 968 papi-

374 973 488 1018 liones,
512 972 669 1007 travaclas
697 973 864 1007 rariffimas
885 974 919 1007 &
938 971 1054 1007 cultras
1083 973 1225 1020 optimas
1246 974 1280 1007 δε
1307 986 1401 1008 orna-

374 1038 497 1069 menta,
530 1039 655 1070 aurum,
686 1037 858 1074 argentum
886 1027 921 1060 &
950 1026 1025 1060 vasa
1054 1038 1150 1060 aurea
1177 1027 1212 1060 &
1236 1039 1401 1074 argentea,

374 1079 528 1123 camelos,
547 1078 647 1114 boves
661 1080 696 1113 &
708 1078 823 1124 asmos,
840 1077 1026 1123 biscottum,
1044 1079 1181 1113 farinam
1193 1080 1228 1114 δε
1240 1079 1401 1115 hordeum

374 1132 524 1167 multum.
553 1131 650 1168 Unde
668 1143 841 1167 renovatus
865 1132 908 1166 est
926 1144 1013 1166 totus
1030 1132 1185 1166 exercitus
1203 1131 1400 1168 Christiano-

374 1199 455 1221 rum.
469 1186 564 1220 Tunc
577 1186 802 1220 intellexerunt:
815 1185 999 1228 Christiani,
1014 1184 1105 1232 quod
1119 1185 1283 1220 Dominus
1296 1187 1402 1222 noster

374 1240 454 1274 lesus
476 1239 619 1274 Christus
641 1238 808 1273 transmitit
833 1238 969 1286 angelos
995 1238 1068 1272 suos
1094 1237 1137 1272 ad
1162 1239 1401 1286 expugnandos

372 1293 456 1338 illos,
482 1294 538 1340 qui
563 1305 631 1327 non
657 1291 804 1337 credunt,
834 1292 1019 1327 Dominum
1040 1289 1159 1327 veniffe
1184 1292 1218 1325 in
1240 1292 1400 1341 virginem

373 1347 519 1381 Mariam.
544 1346 579 1380 Et
608 1357 686 1380 tunc
715 1345 889 1380 Christiani
906 1357 1036 1379 cantare
1052 1345 1261 1392 inceperunt:
1289 1347 1399 1382 Gloria

373 1404 404 1435 in
423 1401 539 1447 excelsis
559 1402 626 1434 ‘Deo
648 1400 682 1433 δε
705 1398 747 1433 Te
763 1401 861 1433 ‘Deum
880 1400 914 1433 &
931 1397 1144 1433 laudaverunt
1165 1398 1349 1434 Dominum
1367 1402 1401 1435 &

372 1455 505 1489 Beatam
535 1452 698 1502 Agathen.
730 1452 764 1487 Et
791 1452 847 1487 illo
878 1452 930 1487 die
969 1452 1143 1499 posuerunt
1172 1450 1309 1487 distrizste
1342 1453 1400 1489 ad—

372 1507 497 1543 sedium
513 1508 547 1542 in
574 1507 707 1541 circuitu
731 1506 895 1550 Damiaoe,
929 1506 973 1540 ita
1001 1503 1094 1552 quod
1119 1517 1180 1539 nec
1194 1511 1204 1527 ¹
1230 1506 1315 1541 exire
1340 1519 1401 1543 nec

372 1562 491 1596 intrare
509 1572 669 1609 poterant.

420 1615 531 1650 XVffl.
563 1614 656 1649 Tunc
691 1613 910 1648 remanserunt
942 1613 976 1648 in
1014 1612 1167 1646 Damiata
1198 1611 1273 1647 lxxx
1299 1614 1400 1650 millia

371 1670 621 1703 Sarracenorum
638 1669 672 1702 &
693 1667 877 1702 mulierum.
903 1666 938 1700 Et
955 1666 1101 1701 fecerunt
1121 1665 1301 1712 arginalem
1318 1679 1398 1703 con-

372 1733 419 1756 tra
447 1722 623 1756 exercitum
655 1720 697 1756 de
725 1720 876 1766 biscotto,
907 1719 948 1754 de
971 1719 1076 1763 caseo,
1107 1717 1148 1752 de
1177 1717 1271 1753 lardo
1297 1720 1331 1754 &
1358 1719 1399 1755 de

371 1775 439 1810 aliis
461 1774 661 1819 viclualibus‚
691 1774 731 1809 de
745 1772 861 1822 quibus
879 1772 1044 1808 habebant
1060 1771 1305 1807 abundantiam.
1335 1773 1399 1808 Sed

372 1828 413 1864 de
438 1842 524 1877 pane
551 1828 671 1863 recenti
688 1829 722 1863 &
739 1828 818 1863 vino
843 1829 878 1862 ὅ(
904 1826 945 1862 de
971 1841 1067 1862 carne
1096 1825 1218 1861 frescha
1240 1826 1398 1861 caristiam

372 1895 530 1930 magnam
553 1880 728 1926 habebant,
758 1882 802 1915 ita
826 1879 917 1928 quod
942 1881 1023 1915 aries
1049 1892 1131 1914 unus
1152 1892 1173 1913 x
1195 1879 1295 1914 unciis
1320 1892 1398 1914 ven-

373 1935 457 1970 ditus
483 1936 543 1971 fuit
564 1936 599 1969 δε
626 1948 691 1969 una
716 1934 838 1983 gallina
864 1946 926 1968 xxx
946 1932 1056 1968 soldos
1091 1933 1126 1967 &
1158 1944 1260 1966 unum
1296 1945 1399 1967 ovum

372 1989 455 2024 duos
477 1988 605 2033 soldos3
632 1988 789 2022 caristiam
816 1988 883 2023 vini
908 2000 977 2021 non
1001 1985 1169 2035 possumus
1196 1998 1395 2028 enumerare,

373 2055 458 2078 certe
469 2055 546 2076 cum
560 2041 730 2086 lachrymis
741 2040 956 2088 unusquisque
968 2047 981 2063 2
993 2038 1196 2088 loquebatur.
1211 2039 1318 2074 Tanta
1330 2051 1397 2074 erat

412 2175 420 2192 ι
437 2166 475 2194 Μ.
490 2174 535 2192 om.
551 2174 603 2190 nec.
618 2180 651 2184 —-
665 2175 679 2190 ἰ
695 2166 731 2192 M.
747 2164 886 2199 unicuique.
