1624 2788
520 222 725 249 OBSIDIONIS
750 221 947 251 DAMIATE.
1195 224 1207 246 Ι
1214 221 1258 260 03

237 335 314 378 eius,
345 337 482 370 loannes
506 333 549 368 de
572 332 667 373 Astis,
696 345 808 368 comes
833 332 875 368 de
895 332 1023 378 Belinis‚
1051 332 1199 368 Andreas
1220 332 1262 368 de
1277 349 1335 372 ηις

236 386 316 433 Pifis,
342 388 512 423 Anselmus
528 385 571 422 de
586 386 677 431 Luni,
702 385 882 434 prepofitus
907 387 1015 422 sanai
1031 386 1159 431 Omeri,
1185 399 1262 422 cum

0 451 5 486 Ι
234 442 308 476 lxxx
332 439 486 477 militibus
511 441 546 475 &
572 439 614 475 de
642 439 711 474 aliis
739 439 892 475 omnibus
916 439 1068 488 gentibus
1092 440 1261 487 plusquam

235 509 257 530 v
278 494 376 530 milia.
408 494 443 528 Et
467 493 633 528 San-aceni
658 493 758 528 secuti
783 493 856 528 sunt
884 493 1011 540 semper
1035 492 1262 529 interficiendo

236 548 436 584 Christianos
462 546 562 593 usque
587 545 630 581 ad
658 545 814 581 fofl‘atum
840 559 966 589 eorum,
997 549 1031 582 &
1049 548 1151 583 multa
1172 561 1263 583 arma

235 614 311 636 cum
329 600 436 636 multis
453 600 544 647 equis
562 600 736 634 amiserunt
751 601 786 635 &
805 599 846 635 fic
859 601 936 635 visti
954 601 1026 635 sunt
1038 601 1212 636 Christiani
1228 603 1263 636 &

234 655 268 689 in
284 653 418 689 flumine
448 666 548 688 unam
565 653 695 700 galeam
721 666 881 688 armatam
906 666 983 688 cum
1005 653 1151 689 ducentis
1168 657 1262 690 mari-

234 708 330 743 nariis
347 707 531 742 amiserunt.
550 706 623 741 Tali
636 706 740 741 modo
754 707 935 742 iustificavit
948 708 1037 742 Deus
1051 707 1263 753 Christianos,

234 762 310 808 quia
328 772 396 794 non
411 772 487 795 cum
500 760 568 795 eius
587 761 706 795 timore
719 766 729 782 ¹
743 759 798 795 sed
816 773 893 795 cum
910 760 1018 795 furore
1035 773 1160 809 magno
1178 763 1261 797 exie-

233 826 316 849 runt.
343 813 376 848 Et
400 825 470 847 non
495 813 602 848 minus
626 814 748 849 mortui
771 813 843 848 sunt
872 812 912 848 de
930 815 1121 858 Sarracenis,
1148 815 1182 849 δε
1200 826 1262 850 tres

232 866 369 910 amiran-ij
395 864 571 913 decapitati
602 866 685 910 sunt,
717 866 804 901 unde
830 866 1003 902 Christiani
1026 867 1199 903 dicebant:
1233 869 1262 902 Ο

231 922 299 954 dies
316 922 370 965 {sia
388 920 455 953 dies
480 922 536 962 ire,
568 920 756 954 calamitatis
774 921 805 954 δ’
829 924 946 965 mortis,
976 923 1007 955 in
1027 935 1084 966 qua
1102 924 1153 955 vix
1170 924 1261 966 iustus

225 973 367 1020 salvatus
383 975 433 1017 est,
455 975 526 1018 quia
540 973 640 1008 DEus
653 982 824 1008 summus
845 983 1026 1016 RESIST1T‚
1054 983 1261 1010 nUMILIBus

231 1034 374 1062 AUTEM
400 1034 487 1061 DAT
515 1035 706 1061 GRAT1AM
733 1026 803 1074 (Ep.
821 1037 835 1061 1
853 1027 942 1071 Petri,
960 1037 994 1072 v,
1016 1030 1059 1074 5).
1083 1028 1117 1062 Et
1134 1026 1261 1063 duravit

230 1079 311 1115 illud
335 1077 458 1114 bellum
482 1092 502 1113 a
518 1092 615 1114 mane
640 1080 740 1127 usque
765 1079 808 1115 ad
833 1080 990 1128 vesperas».
1018 1080 1176 1116 Videntes
1194 1081 1259 1116 hoc

231 1132 386 1168 dominus
411 1132 536 1180 legatus
556 1133 590 1167 &
609 1133 924 1178 Hierosolymitanus
945 1147 1000 1169 rex
1016 1135 1050 1169 &
1068 1134 1121 1179 alij
1147 1135 1206 1170 viri
1224 1136 1260 1169 ὅ(

231 1186 348 1222 milites
365 1183 501 1230 nobiles,
526 1185 705 1232 plurimum
730 1186 803 1222 sunt
819 1187 995 1222 contristati
1011 1189 1046 1222 &
1063 1187 1257 1223 conturbati.

229 1239 395 1275 Sarraceni
419 1238 454 1272 in
479 1238 608 1274 civitate
635 1251 711 1274 cum
736 1238 894 1284 cimbalis,
921 1238 1016 1285 tubis,
1042 1240 1208 1276 tamburiis
1225 1243 1259 1276 &

229 1290 366 1328 vocibus
388 1291 566 1327 exultantes
583 1290 761 1328 laudabant
779 1293 897 1328 Deum.
931 1295 963 1328 [n
981 1293 1037 1328 illo
1055 1293 1119 1339 die,
1149 1293 1170 1329 fi
1189 1307 1257 1329 non

229 1344 352 1381 adeffet
369 1358 423 1381 rex
442 1345 601 1381 {ohannes
620 1347 654 1381 δε
677 1345 873 1393 hospitalarij
897 1347 932 1381 ὅ(
953 1347 1113 1394 templarij
1131 1349 1165 1382 ὃ(
1182 1348 1258 1383 Ala-

229 1399 353 1444 manni,
369 1411 484 1434 omnes
505 1398 678 1435 Christiani
691 1398 793 1434 effent
807 1397 960 1435 decollati
974 1401 1008 1435 δε
1022 1399 1110 1435 duffl
1131 1401 1164 1436 in
1181 1414 1257 1449 cap-

229 1463 362 1488 nvltate.

277 1505 350 1540 XLI.
373 1503 503 1549 Audite,
520 1503 630 1539 statres
648 1504 796 1540 cariffimi
812 1506 847 1540 δε
863 1504 930 1550 filij,
958 1506 1094 1553 qualiter
1114 1507 1258 1542 Christus

229 1558 351 1605 recepit
382 1570 537 1603 martyres
571 1558 644 1592 suos
677 1559 815 1593 santstos.
851 1557 1000 1606 Qidam
1032 1559 1258 1596 Theotonicus

229 1609 396 1646 dicebatur
412 1623 573 1647 mortuus:
589 1619 604 1634 ²
623 1614 722 1647 noRe
739 1612 886 1659 sequenti
904 1613 1002 1647 erexit
1019 1613 1134 1648 oculos
1148 1614 1222 1649 suos
1245 1621 1257 1644 ³

228 1666 263 1699 &
281 1663 362 1700 vidit
389 1663 557 1711 quendam
573 1665 678 1700 virum
699 1678 871 1715 magnum,
896 1665 1032 1701 vestibus
1055 1665 1135 1701 albis
1163 1667 1258 1709 indu-

72 1721 106 1746 M-
118 1721 134 1746 f·
145 1723 173 1753 ⁶5
186 1722 216 1747 D·
229 1729 311 1763 tum,
336 1718 371 1752 δε
398 1729 474 1752 cum
493 1730 614 1766 magna
630 1719 665 1753 &
683 1717 910 1754 innumerabili
928 1718 1134 1755 multitudine
1159 1733 1258 1770 ange-

229 1771 337 1807 lorum
355 1771 450 1818 super
469 1769 627 1807 cadavera
651 1784 858 1808 mortuorum
873 1785 1026 1809 canentes
1042 1774 1078 1808 &
1095 1772 1257 1809 dicentes:

12 1836 23 1868 ν,
71 1826 96 1848 Ρ·
107 1825 175 1857 f-113
185 1826 214 1849 D.
229 1826 281 1869 Isti
302 1825 383 1869 sunt,
410 1827 463 1869 qui
490 1837 628 1859 venerunt
653 1840 688 1859 ex
716 1839 824 1872 magna
851 1827 1043 1861 tribulatione
1068 1827 1098 1862 ὃν
1123 1828 1259 1862 laverunt

218 1877 317 1922 stolas
324 1878 402 1923 suas
421 1879 608 1924 insanguine
627 1882 702 1925 agni
714 1879 884 1926 (Apocal,
899 1889 962 1925 vn,
988 1889 1040 1928 13,
1052 1880 1175 1928 seq.)6⁴
1188 1894 1258 1915 con-

226 1931 411 1976 tempserunt
433 1933 527 1965 vitam
553 1932 657 1965 mundi
673 1931 704 1966 δ’
721 1935 830 1967 mortui
849 1934 924 1979 sunt
943 1947 1003 1979 pro
1019 1935 1086 1978 fide
1109 1933 1140 1968 G·
1158 1947 1258 1969 amore

263 2063 273 2079 ι
290 2054 327 2080 Μ.
341 2059 446 2080 tumore.
463 2069 496 2073 —
509 2064 524 2080 2
540 2055 577 2080 M.
593 2054 678 2080 dicum
692 2060 757 2080 mort
764 2063 817 2081 uos.
830 2070 865 2074 —
881 2064 892 2086 3
906 2056 955 2081 Hac
967 2055 1014 2082 loca
1026 2061 1108 2082 textus
1119 2056 1257 2091 Pariſsenfis

229 2095 266 2119 ad
277 2093 364 2120 codicis
378 2093 519 2127 Mutinensis
532 2099 624 2120 textum
637 2094 725 2120 iurum
738 2095 837 2122 accedit.
