1624 2788
353 234 416 282 148
601 239 712 266 LIBER
730 238 881 265 DUELLII
899 236 1124 264 CHRISTIANI

271 374 329 398 1218
346 368 397 401 'De
411 367 497 400 clade
515 366 762 410 Christianorum,
787 377 821 397 ex
842 364 1015 408 intemperie
1040 364 1119 396 aeris
1137 360 1169 396 δ’
1185 361 1280 396 maris
1298 373 1372 395 orta.

226 485 286 507 Nov.
297 491 333 514 30.
395 473 429 505 {n
445 470 526 505 festo
543 468 792 505 SancstiAndree
809 481 882 505 orta
891 469 935 504 est
947 481 1036 504 tanta
1053 468 1224 517 tempestas
1241 468 1275 502 in
1288 470 1373 510 aere,

346 523 438 572 quod
469 535 537 558 tam
568 522 696 571 inpulsu
725 534 901 559 ventorum
937 535 1037 570 quam
1078 519 1392 570 superhabundanti⁴

345 577 454 625 pluvia
474 578 508 612 in
526 589 653 612 tantum
671 590 760 612 mare
777 577 940 622 intumuit,
963 578 997 611 &
1018 575 1131 611 fluvius
1150 574 1291 610 fimiliter
1308 586 1375 609 cre-

344 631 400 675 vit,
419 630 511 678 quod
535 644 604 665 non
630 630 869 666 discernebatur
887 643 972 678 aqua
993 629 1133 664 fluminis
1160 642 1180 664 a
1204 629 1315 674 mari‚¹
1341 629 1376 662 δε

344 696 430 731 aqua
447 696 537 719 tanta
557 696 625 719 erat
642 684 844 719 amariffima.
870 686 903 719 In
922 682 975 718 die
991 683 1046 718 illa
1066 682 1262 730 tempestatis
1280 682 1375 717 causa

345 738 460 773 omnia
477 738 615 773 tentoria
638 738 740 772 fracia
762 738 869 772 nostra
890 737 990 780 fuere,
1018 738 1052 771 &
1074 749 1132 784 per
1153 747 1261 771 totum
1287 748 1375 770 exer-

344 792 446 826 citum
461 791 567 826 faclus
576 792 620 826 est
632 791 733 834 lacus,
751 792 796 826 ita
809 789 901 838 quod
916 790 1018 825 farina
1032 791 1067 825 ὅ(
1078 790 1172 838 panis
1185 790 1219 823 &
1233 789 1376 823 fi'umen-

345 856 415 878 tum
423 845 458 878 &
470 843 609 879 ordeum
621 846 655 879 &
663 845 775 879 omnia
784 844 935 880 viCtualia
944 856 1030 890 aqua
1037 841 1375 891 superhabundabant.

346 896 390 933 {bi
419 897 511 932 multi
537 897 657 932 infirmi
682 899 803 932 mortui
830 898 916 942 sunt,
953 898 987 932 &
1013 898 1111 932 etiam
1148 897 1278 944 plurimi
1309 896 1376 930 sani

345 950 543 986 defecerunt.
570 953 637 985 Aer
661 950 819 998 fiquidem
844 963 912 986 tam
929 950 1083 985 obscurus
1101 949 1233 985 effed'tus
1251 949 1305 993 est,
1332 950 1378 984 ita

345 1003 438 1051 quod
454 1003 560 1039 nullus
589 1004 735 1039 nostrum
752 1005 852 1040 valuit
874 1005 908 1039 in
931 1003 983 1038 die
1004 1003 1114 1039 videre
1135 1003 1244 1038 alium.
1272 1005 1306 1038 In
1324 1001 1377 1037 die

343 1058 397 1092 illa
415 1058 560 1105 quinque
587 1071 686 1094 naves
703 1058 821 1102 nostre,
847 1070 911 1106 que
934 1069 1024 1092 erant
1041 1058 1075 1091 in
1099 1068 1197 1105 portu
1214 1057 1376 1101 Damiate,

344 1111 472 1159 inpulsu
489 1123 664 1146 ventorum
691 1110 755 1146 sme
775 1111 853 1147 velis
876 1113 910 1146 &
927 1112 1069 1159 remigiis
1096 1124 1115 1145 a
1134 1122 1233 1158 portu
1252 1110 1377 1157 seques·

345 1176 425 1199 trate
443 1164 515 1199 sunt
533 1166 567 1199 &
583 1166 618 1199 in
636 1164 748 1200 medio
764 1164 884 1213 pelagi,
903 1177 938 1199 ut
954 1163 1127 1208 credimus,
1155 1161 1375 1211 conquassate.

344 1222 420 1258 Una
437 1233 547 1256 tamen
569 1234 608 1255 ex
625 1220 684 1255 illis
703 1219 804 1254 fracia
822 1219 882 1254 fuit
899 1231 974 1253 ante
991 1216 1168 1262 Tanifium,
1193 1219 1228 1253 &
1245 1218 1378 1266 triginta

344 1276 507 1321 marinarij
534 1274 692 1323 capitibus
716 1275 788 1309 sunt
806 1273 999 1309 obtruncati.
1028 1276 1061 1308 In
1084 1273 1139 1308 illa
1161 1272 1213 1307 die
1232 1270 1376 1319 quedam
1390 1278 1430 1302 fol·
1445 1285 1487 1308 177
1499 1279 1520 1302 b·

344 1328 552 1365 munitiffima
575 1330 663 1365 navis
686 1341 762 1363 cum
784 1329 912 1376 magnis
930 1327 1031 1372 scafis,
1058 1340 1121 1374 que
1148 1339 1224 1361 cum
1251 1338 1376 1373 magno

343 1384 456 1421 labore
474 1397 534 1432 pro
554 1384 682 1419 civitate
705 1381 867 1430 capienda
885 1382 968 1417 fasta
994 1382 1108 1425 fuerat,
1131 1381 1259 1429 inpulsu
1277 1382 1376 1426 venti,

345 1440 445 1487 ruptis
469 1436 609 1480 funibus,
638 1437 784 1484 proiecta
801 1436 856 1481 est,
873 1437 907 1470 δε
926 1434 1020 1470 nobis
1038 1434 1235 1480 videntibus,
1259 1435 1378 1483 Pagani

345 1506 419 1528 eam
444 1502 687 1537 cremaverunt.
718 1488 815 1526 Unde
852 1502 913 1524 nos
942 1488 1137 1537 plangentes
1167 1487 1376 1524 dicebamus:

348 1547 434 1592 Qid
449 1549 604 1591 faciemus
622 1548 693 1579 hic?
720 1547 819 1579 Iratus
841 1547 880 1589 est
902 1547 988 1578 ‘Deus
1013 1545 1099 1578 nobis
1120 1543 1150 1576 ἃ
1171 1556 1227 1576 non
1247 1543 1322 1586 vult,
1345 1555 1378 1576 ut

343 1601 562 1646 perseveremus
580 1602 611 1633 in
621 1601 682 1645 suo
693 1600 828 1645 servicio
841 1599 971 1645 [αηέῖοῐ
991 1598 1152 1644 procedere
1168 1610 1225 1631 non
1244 1597 1377 1630 valemus

345 1667 398 1687 nec
414 1654 608 1699 retroversum
626 1654 724 1687 redire
735 1653 907 1699 poffumus!
932 1653 964 1685 ln
982 1650 1035 1685 illa
1053 1649 1106 1685 die
1123 1651 1169 1685 ira
1187 1650 1285 1684 maris
1304 1650 1376 1684 nos-

347 1719 431 1742 trum
461 1707 557 1755 fregit
576 1705 739 1741 foffatum.
765 1706 861 1740 Tunc
883 1717 935 1740 rex
955 1705 989 1738 ὅ(
1012 1717 1128 1739 omnes
1144 1704 1307 1752 principes
1324 1703 1376 1747 alij

347 1773 555 1796 cucurrerunt
570 1759 612 1794 ad
624 1760 771 1808 legatum
784 1761 818 1794 &
836 1758 1000 1793 dixerunt:
1022 1761 1226 1801 Peccavimus,
1245 1759 1374 1799 domine,

347 1814 377 1848 G·
396 1817 498 1860 iniuste
512 1817 639 1861 egimus,
656 1817 843 1860 iniquitatem
849 1815 983 1859 fecimus
993 1827 1004 1851 ,·
1015 1813 1052 1846 da
1067 1813 1153 1846 nobis
1162 1813 1377 1858 penitentiam!

348 1871 442 1903 Pater
457 1870 574 1914 sanc‘ie,
603 1881 655 1902 ora
677 1881 735 1914 pro
753 1868 851 1910 nobis,
882 1879 913 1901 ut
935 1868 1087 1900 ‘Dominus
1108 1867 1194 1899 nobis
1219 1865 1377 1911 indulgeat

347 1925 444 1967 nostra
455 1935 600 1968 peccatam
625 1935 692 1955 nam
715 1934 797 1955 mare
818 1923 945 1966 nostrum
966 1922 1025 1953 iam
1044 1931 1165 1966 occupat
1182 1919 1328 1952 vallatum
1346 1918 1376 1951 θ

347 1990 411 2010 ecce
429 1978 490 2009 iam
504 1978 584 2009 venit
593 1977 686 2022 super
699 1988 764 2019 nos,
778 1974 808 2008 δ’
823 1987 922 2008 omnes
936 1975 1115 2007 moriemur!
1133 1975 1267 2006 cAnimas
1281 1974 1378 2018 igitur

346 2033 460 2076 nostras
471 2030 708 2063 commendamus
725 2030 794 2062 ‘Deo
803 2028 977 2074 sanHisque
992 2028 1126 2060 manibus
1143 2025 1242 2059 Tuis!
1261 2024 1295 2060 Et
1316 2024 1377 2059 do-

349 2083 455 2118 minus
474 2082 600 2130 legatus
617 2080 804 2130 respondit:
825 2082 898 2125 Filij
915 2082 982 2123 mei,
1001 2081 1158 2114 Dominus
1174 2081 1268 2124 noster
1284 2091 1377 2126 temp-

388 2172 397 2188 ¹
415 2164 470 2189 Cod.
484 2170 577 2187 amara.
