1624 2788
530 255 580 280 DE
605 254 764 280 ITINERE
788 253 988 280 FRISONUM.
1222 242 1266 292 63

247 367 435 416 allegantes,
470 365 550 401 illud
574 366 739 414 precipue,
765 364 857 412 quod
889 364 1032 400 domnus
1063 366 1268 400 Innocentius
1283 376 1341 400 ¹²¹7

249 421 284 455 in
309 420 451 455 concilio
477 431 653 469 negaverat
678 418 735 468 ipsi
761 419 918 467 episcopo
936 419 1070 466 petenti,
1095 418 1191 454 licere
1212 431 1268 466 pe-

147 489 168 512 ρ-
180 481 233 510 480-
247 475 394 523 reg-rinos
433 474 468 508 in
511 470 670 521 Hispania
703 472 848 517 detineri,
885 472 926 507 de
965 471 1110 508 vindista
1140 470 1269 507 ecclesie

249 526 372 563 docens
402 526 623 563 inchoandum
653 539 673 561 a
700 527 814 574 capite.
850 526 962 561 Diviso
992 526 1090 574 igitur
1120 526 1269 569 exercitu,

247 582 361 629 quinta
389 581 467 616 feria
495 580 567 628 post
603 578 689 614 beati
719 578 827 614 lacobi
857 579 968 614 festum
1002 578 1094 614 simul
1123 593 1144 614 a
1172 591 1270 627 portu
1284 588 1371 617 1u1.27.

247 635 413 679 exivimus,
444 632 553 668 media
575 645 667 681 parte
691 631 824 668 navium
850 633 956 668 versus
983 645 1101 668 terram
1126 633 1270 668 sanc’tam

246 687 411 731 tendente,
434 687 545 722 ceteris
568 686 611 721 ad
627 685 884 735 expugnandam
901 685 1014 721 urbem
1031 687 1132 722 Alcaz
1152 699 1270 735 prope-

245 742 399 777 rantibus.
426 741 497 777 Nos
515 754 625 777 autem
642 739 721 776 urbe
740 753 759 775 a
777 738 899 775 sinistris
917 740 1036 784 reIiRa,
1055 752 1153 788 caput
1168 740 1270 775 san<sti

245 794 409 840 Vincentij
424 796 458 830 &
471 807 570 843 caput
584 792 626 829 de
637 794 734 837 Sacis,
753 793 856 829 Alvor
875 806 1008 840 quoque
1021 795 1055 828 ὅ(
1067 793 1159 829 Silvis
1176 792 1269 828 urbes

246 859 356 895 captas
375 847 547 895 quondam
563 861 582 883 a
600 847 723 892 nostris,
744 845 902 881 Almadra
920 859 1052 894 quoque
1069 848 1104 881 ὅ(
1116 845 1270 882 Albufere

246 901 346 936 castra
364 901 460 937 fortia
479 901 745 949 pertranseuntes,
767 899 811 935 acl
827 900 935 935 levam
950 912 1025 935 ante
1042 912 1176 948 portum
1193 901 1269 936 civi-

167 970 231 993 c.29.
246 955 317 989 tatis
335 968 399 1002 que
418 954 590 1002 quondam
608 955 724 990 Samsta
740 954 853 997 Maria,
876 966 964 988 nunc
982 960 991 976 ¹
1006 954 1122 989 Hairin
1140 953 1266 997 dicitur,

245 1010 347 1044 ventis
373 1007 557 1044 fallentibus
581 1008 740 1043 anchoras
761 1008 956 1055 proiecimus
983 1006 1025 1042 de
1050 1006 1186 1043 navibus
1205 1017 1268 1056 353

244 1061 355 1109 ibique
380 1064 514 1097 noaem
537 1074 680 1110 agentes,
707 1074 804 1096 mane
829 1061 933 1096 socios
957 1063 1056 1096 no6'te
1073 1060 1229 1109 dispulsos
1250 1075 1268 1097 a

244 1114 339 1150 nobis
358 1117 521 1151 venientes
533 1122 547 1138 ²
558 1115 614 1150 leti
630 1115 837 1162 suscepimus,
847 1113 1003 1162 simulque
1019 1127 1095 1149 cum
1112 1114 1184 1163 ipsis
1197 1114 1269 1150 vela

244 1168 399 1213 levantes,
425 1168 506 1204 dum
530 1167 708 1216 procedere
737 1180 980 1216 temptaremus,
1010 1167 1115 1203 subito
1133 1180 1215 1204 voto
1234 1169 1268 1202 &

244 1234 344 1258 vento
358 1221 497 1257 fraudati
513 1222 615 1257 rursus
629 1234 730 1256 uncos
748 1221 866 1257 harene
883 1220 1039 1256 mandare
1057 1221 1266 1270 cogebamur.

244 1275 314 1310 Nec
327 1288 421 1311 mora
434 1274 612 1311 minoribus
629 1274 671 1310 ad
685 1288 802 1310 terram
814 1276 951 1323 navigiis
965 1274 1104 1319 adveffl,
1119 1274 1171 1310 die
1186 1275 1267 1311 obsi-

243 1328 353 1363 denda
363 1329 491 1364 civitate
501 1327 632 1364 consilia
638 1329 873 1365 ventilavimus.
882 1327 1021 1364 Diversis
1029 1329 1136 1376 itaque
1145 1328 1267 1364 diversa

243 1381 460 1427 sentientibus,
474 1381 586 1418 divino
601 1383 710 1430 spiritu
722 1395 783 1417 nec
797 1382 864 1417 scio
877 1395 919 1417 an
932 1382 990 1416 suo
1001 1383 1126 1430 impetu
1141 1381 1267 1417 inflam-

243 1436 323 1471 mati
339 1436 424 1470 circa
440 1436 610 1484 vesperum
627 1436 767 1471 frisones
782 1434 872 1484 signa
887 1435 1031 1471 levantes
1049 1435 1092 1470 ad
1110 1436 1216 1471 celum
1233 1438 1267 1472 &

241 1487 371 1524 beatam
379 1489 550 1537 Virginem
563 1490 596 1524 in
611 1487 784 1524 subsidium
792 1489 884 1524 suum
897 1501 974 1524 cum
987 1490 1116 1524 cantico
1129 1490 1267 1526 invitan-

243 1554 300 1587 tes,
313 1549 324 1572 3
336 1542 441 1577 hostes
459 1541 627 1590 dispositos
644 1543 678 1578 in
699 1543 824 1590 campis
841 1543 876 1578 ὅς
892 1541 1006 1578 urbem
1023 1542 1174 1578 audaster
1195 1542 1268 1578 insi-

241 1595 333 1639 liunt,
350 1595 520 1643 statimque
537 1593 678 1630 hostibus
695 1596 728 1630 in
747 1595 860 1644 fugam
878 1594 1049 1640 conversis,
1067 1595 1147 1631 dum
1165 1598 1267 1645 portis

244 1648 470 1696 appropriant,
482 1649 693 1684 Sarracenum
705 1662 764 1697 per
776 1662 907 1684 murum
916 1647 1167 1685 descendentem
1188 1663 1266 1686 con-

241 1701 388 1748 spiciunt.
417 1701 498 1750 Qo
525 1701 631 1737 statim
656 1702 827 1737 interfefio
857 1701 990 1749 quidam
1008 1703 1089 1737 friso
1116 1703 1267 1752 sagittam

241 1754 361 1799 iniecit,
382 1755 416 1789 &
433 1753 552 1790 eodem
571 1755 650 1790 fune
662 1755 889 1791 transcendens
903 1769 1044 1802 murum,
1061 1757 1215 1793 vexillum
1233 1757 1267 1791 in

241 1808 317 1842 turri
327 1806 453 1842 sublimi
462 1806 620 1855 deposuit,
634 1809 799 1856 portisque
812 1810 930 1857 apertis
939 1810 1044 1845 socios
1053 1811 1183 1858 recepit.
1197 1810 1266 1858 Qui

239 1872 310 1895 tota
324 1862 421 1895 noete
441 1860 548 1908 spoliis
568 1861 783 1907 intendentes,
802 1875 898 1898 mane
911 1862 1142 1898 succendentes
1155 1864 1265 1899 civita-

239 1925 317 1958 tem,
330 1913 468 1949 multam
477 1912 612 1950 navibus
622 1913 758 1962 predam
770 1916 968 1952 invexerunt.
978 1916 1064 1951 Licet
1076 1928 1185 1952 autem
1198 1929 1265 1952 nox

238 1965 291 2001 illa
309 1966 448 2003 nubibus
469 1968 545 2003 atris
563 1967 684 2003 texisset
700 1968 820 2015 celum,
841 1969 934 2004 multi
952 1981 1062 2004 tamen
1075 1971 1264 2018 ymaginem

260 2103 268 2118 ι
279 2094 318 2119 Bis
328 2094 426 2120 inA.-
436 2104 450 2120 2
462 2095 499 2120 Sic
509 2096 584 2128 H.;A.
596 2096 717 2121 veniente.
772 2097 826 2131 fine
837 2096 905 2123 lineae
913 2097 1071 2131 precedentis
1084 2097 1158 2132 trufis
1171 2097 1196 2123 in
1210 2099 1239 2122 A.

239 2147 270 2152 -—
285 2142 297 2165 3
307 2133 405 2160 Tnntes
410 2134 491 2167 solum
503 2135 589 2169 exstat,
600 2135 685 2161 ceteris
693 2135 719 2161 in
