1624 2788
382 284 427 319 82
844 289 969 315 GESTA

294 407 351 430 ¹2¹⁸
382 405 503 438 re6lam
521 401 620 436 fidem
638 402 774 436 Domini
791 400 888 436 nostri
903 399 989 435 Ihesu
1000 398 1118 443 Christi
1135 398 1322 434 crucifixi&
1335 406 1343 422 ¹
1358 400 1404 435 in-

382 456 512 492 dividue
529 455 693 490 Trinitatis
716 468 772 489 eos
797 465 986 490 convertere
1003 451 1168 501 possimus.

429 511 495 546 ΧΙΙ.
518 510 607 545 Cum
626 521 735 543 autem
757 509 938 556 cogitarent
955 507 1138 551 Christiani,
1157 507 1292 555 qualiter
1309 520 1406 543 naves

203 572 317 594 Novemb·
332 578 367 601 30·
382 578 497 600 eorum
515 576 682 612 apponere
700 561 840 610 possent,
865 563 899 597 in
919 562 999 597 festo
1022 563 1129 597 Sanffl
1155 561 1286 597 Andree
1298 561 1406 596 ²ceci-

382 618 429 653 dit
457 631 524 653 tam
547 629 669 665 magna
695 616 864 663 tempestas
888 614 930 650 ab
952 618 1025 651 aere
1038 622 1049 645 3
1062 617 1096 650 ὅ(
1114 615 1223 663 pluvia
1242 616 1286 650 ita
1303 616 1408 663 super-

382 670 594 716 habundavit,
622 670 739 718 quod4
758 668 890 704 Paradifi
917 668 1055 704 fluviuss
1073 682 1141 704 non
1170 668 1409 705 discernebatur

382 738 401 759 a
423 726 514 768 mari,
533 726 567 759 ὅς
588 738 672 771 aqua
694 736 764 759 tota
791 723 874 758 faela
895 723 938 757 est
961 722 1165 758 amarissima.
1194 722 1235 758 Ex
1252 723 1306 758 illa
1329 735 1408 758 tem-

381 779 501 826 pestate
531 779 565 813 &
598 776 768 825 pulfione⁶
789 789 963 812 ventorum
988 778 1102 812 omnia
1134 778 1309 825 temptoria
1337 777 1409 811 sunt

382 831 473 866 sciffa
496 832 612 867 virtute
638 843 825 872 ventorum,
856 831 890 865 &
914 832 1026 865 omnia
1045 831 1120 866 loca
1147 832 1302 866 exercitus
1324 830 1409 866 fatsta

382 886 454 920 sunt
475 885 608 932 aquosa,
634 886 678 919 ita
699 883 791 931 quod
818 883 967 919 homines
990 883 1035 919 ibi
1055 896 1165 919 natare
1183 896 1345 932 poterant,
1375 885 1409 919 &

382 939 474 987 panis
504 940 538 973 ὅ(
570 951 681 973 carnes
710 939 744 972 ὅ(
771 937 873 972 farina
904 939 939 972 ὅ(
974 937 1173 973 frumentum
1205 939 1239 972 δε
1270 937 1409 973 ordeum

382 994 416 1027 &
444 993 556 1027 omnia
587 991 739 1027 vidtualia
763 991 796 1026 in
830 991 898 1038 ipsa
928 989 1085 1026 natabant
1121 1004 1217 1038 aqua,
1247 993 1282 1026 &
1316 991 1409 1026 multi

382 1046 513 1089 infirmi,
550 1046 605 1092 qui
630 1045 664 1079 in
682 1043 753 1092 ipfis
771 1044 877 1079 castris
894 1043 1055 1090 iacebant,
1084 1058 1123 1079 ex
1140 1058 1298 1092 aquarum
1314 1045 1409 1079 inun-
1421 1047 1454 1070 M-
1468 1047 1483 1070 f·
1496 1048 1526 1070 ⁶2
1541 1047 1570 1070 D.

384 1098 516 1134 datione
538 1099 658 1133 mortui
686 1098 779 1135 sunt..
795 1098 835 1133 Ea
857 1111 936 1134 vero
955 1097 1008 1133 die
1034 1097 1176 1146 quedam
1204 1097 1410 1133 munitiffime

384 1166 481 1188 naves
501 1152 645 1187 maximo
658 1158 670 1179 ⁷
687 1150 798 1186 labore
814 1153 848 1186 &
865 1151 1039 1187 indefinitis
1053 1151 1196 1200 expensis
1217 1152 1409 1198 construste‚

383 1207 417 1241 in
436 1205 552 1253 quibus
571 1205 653 1240 scale
677 1204 813 1240 mirabili
835 1204 938 1240 modo
960 1206 1108 1241 ordinate
1128 1218 1190 1254 pro
1211 1206 1341 1242 civitate
1358 1218 1410 1241 ca—

384 1259 504 1307 pienda
518 1271 608 1294 erant
623 1257 781 1306 apposite,
800 1260 834 1294 &
846 1259 859 1281 ⁸
871 1259 973 1295 ventis
987 1259 1122 1307 impulse
1134 1260 1169 1294 &
1181 1273 1201 1294 a
1217 1260 1409 1295 Sarraceno-

383 1327 454 1348 rum
468 1324 559 1360 parte
573 1313 644 1347 sunt
658 1313 813 1360 proie&e‚
827 1326 918 1361 quas,
933 1311 1026 1347 nobis
1041 1311 1234 1358 videntibus,
1247 1314 1410 1348 Sarraceni

383 1367 459 1414 igne
477 1377 711 1401 cremaverunt.
746 1365 843 1402 Unde
864 1365 1036 1402 Christiani
1056 1365 1224 1413 planetum
1250 1380 1411 1415 magnum

385 1421 540 1463 fecerunt,
574 1419 744 1454 mestitiam
774 1418 930 1454 habentes
955 1420 990 1454 δε
1015 1418 1166 1454 dolorem
1188 1419 1306 1465 cordis,
1321 1427 1336 1450 9
1363 1419 1409 1456 di-

384 1485 508 1508 centes:
535 1475 620 1507 ‘Deus
641 1476 679 1518 est
699 1474 786 1508 nobis
809 1475 994 1507 contrarius!
1012 1479 1039 1495 ¹⁰
1059 1473 1104 1517 &,
1122 1479 1146 1495 ¹¹
1168 1472 1248 1520 quid
1260 1479 1288 1496 ¹2
1306 1473 1410 1509 facere

385 1524 550 1570 deberent,
565 1526 692 1573 penitus
701 1525 908 1574 ignorabant,
922 1526 1159 1573 quia¹³anteire
1169 1539 1237 1561 non
1247 1537 1410 1574 poterant,

385 1591 469 1614 retro
488 1591 566 1614 vero
585 1578 687 1614 redire
705 1592 773 1614 non
791 1578 955 1625 valebant,
966 1581 1000 1615 δε
1015 1578 1092 1614 fic¹4
1101 1578 1189 1627 quafi
1206 1579 1364 1628 desperati
1376 1580 1411 1614 in

386 1631 496 1667 sabulo
520 1631 802 1679 permanebant.¹5
822 1633 856 1669 Et
871 1646 948 1668 cum
970 1632 1133 1681 predie'tus
1151 1632 1304 1668 dominus
1320 1633 1411 1681 lega-

386 1698 435 1720 tus
453 1684 531 1720 effet
544 1686 578 1720 in
597 1699 719 1734 magna
738 1685 942 1722 tribulatione
960 1699 1037 1721 cum
1050 1685 1200 1734 predifiis
1212 1686 1410 1730 Christianis,

386 1739 419 1773 in
437 1737 590 1774 foffatum
616 1739 646 1774 se
668 1739 701 1774 in
725 1752 819 1775 cruce
838 1739 983 1775 extendit
999 1741 1044 1784 &‚
1069 1739 1278 1788 discooperto
1293 1739 1410 1787 capite,

385 1792 451 1827 alta
468 1805 551 1828 voce
573 1792 739 1828 clamavit:
767 1795 899 1828 Domine
922 1796 987 1841 quu
1005 1795 1130 1839 Christe,
1155 1797 1207 1840 qui
1232 1796 1376 1828 excitatus
1392 1806 1410 1826 α

388 1848 490 1889 Petro,
520 1849 604 1879 cuius
638 1847 777 1881 navicula
811 1848 1008 1893 demergebat,
1046 1848 1199 1893 respondit
1211 1863 1222 1880 .·
1260 1845 1411 1880 MODICE

426 1982 433 1997 ι
450 1973 475 1997 P.
485 1972 538 2006 Ieg.:
555 1973 738 2007 individueque.
754 1989 786 1993 —-
798 1983 811 1999 2
824 1973 938 2007 Rfiappl.
948 1975 979 1999 &.
989 1989 1023 1992 —
1034 1983 1046 2005 3
1062 1974 1086 1999 Ρ.
1100 1982 1147 1999 ere.
1164 1987 1195 1992 —-
1211 1982 1228 2004 4
1243 1973 1281 1999 M.
1292 1972 1352 2007 leg.=
1367 1982 1410 2007 per

386 2021 409 2045 p.
427 2012 538 2037 fluvium.
556 2028 586 2032 —
607 2023 618 2046 5
639 2014 665 2038 P.
690 2013 801 2039 fluvium.
815 2029 850 2032 —
862 2016 876 2038 6
900 2014 924 2038 P.
943 2013 1091 2048 expulsione.
1107 2028 1139 2032 —
1154 2021 1167 2044 7
1188 2013 1226 2038 M.
1249 2013 1363 2038 maxime.
1375 2028 1409 2032 —

388 2055 400 2077 8
414 2054 451 2078 M.
471 2061 493 2078 a.
512 2068 543 2072 —
563 2062 577 2085 9
595 2055 618 2079 P.
634 2055 657 2079 δι
677 2054 788 2079 dolorem
807 2054 887 2079 cordis
906 2054 1033 2080 habentes.
1047 2069 1082 2073 —-
1095 2063 1126 2079 10
1141 2055 1164 2079 Ρ.
1182 2053 1320 2079 contrarius
1337 2054 1409 2079 nobis

387 2092 428 2117 est.
442 2107 476 2111 —-
492 2101 501 2116 1
510 2101 518 2117 ι
533 2094 647 2127 Rsuppl.
662 2109 695 2112 —
712 2103 741 2119 12
753 2095 778 2119 P.
789 2094 866 2127 quod.
881 2109 915 2112 —
925 2103 954 2126 ¹3
966 2095 991 2119 P.
1001 2095 1062 2119 add.
1075 2093 1179 2128 penitus.
1191 2108 1227 2111 —
1243 2101 1273 2123 14
1283 2094 1407 2128 M.suppl.

387 2146 421 2150 —
438 2141 446 2156 ι
454 2142 466 2164 5
493 2131 563 2158 Totus
582 2133 622 2158 hic
635 2133 718 2166 pqffus
730 2134 763 2159 ab
777 2134 811 2159 Et
826 2141 882 2159 cum
896 2133 1019 2168 predifflus
1033 2133 1106 2167 usque
1117 2134 1154 2159 ad
1167 2132 1276 2158 mensem
1292 2132 1408 2168 februarij

386 2171 449 2205 deest
463 2172 487 2196 in
502 2172 526 2196 P.
