1624 2788
413 238 464 264 me
483 237 657 264 IOHANNI}
675 237 776 264 REGE
795 237 1022 264 IERUSALEM.
1175 236 1236 276 ¹33

220 348 289 383 aliis
309 349 480 396 06}on
494 346 656 384 militibus.
673 346 850 396 Prepofitus
874 348 981 383 Sanffl
1003 347 1143 392 Omerij,
1159 346 1242 382 filius
1255 360 1314 385 ¹²¹9

220 401 397 447 camerarij,
414 402 449 436 &
463 401 594 450 Sigmus
614 400 657 436 de
674 401 786 436 Monte
804 413 880 436 cum
908 401 1016 436 multis
1037 400 1105 436 aliis
1122 401 1242 436 mortui

222 455 360 500 fuerunt,
385 456 420 489 &
446 467 514 490 non
536 455 644 490 minus
668 455 789 490 mortui
810 455 940 490 fuerunt
961 453 1002 489 de
1025 453 1169 502 Paganis,
1186 453 1242 489 sed

221 519 376 555 campum
392 507 505 542 lucrati
521 508 603 542 sunt.

269 560 356 596 XLll.
385 559 533 596 Secunda
562 559 616 596 die
640 560 837 608 Septembris
869 561 1040 609 episcopus
1074 561 1242 609 Hungarie
1254 571 1314 601 Sept.
1327 577 1348 593 2.

222 626 300 649 cum
315 613 423 648 multis
438 612 568 649 recesfit.

269 667 370 702 XLlll.
413 668 447 701 ln
475 666 676 702 exaltacione
705 668 820 702 Sanele
845 667 964 715 *Crucis
998 667 1148 714 princeps
1177 666 1241 701 Ro·
1255 676 1364 707 Sept-15.

221 732 394 755 manorum
416 720 452 754 &
476 732 588 754 comes
618 719 824 755 Guillielmus
853 733 927 755 cum
955 720 1063 755 multis
1087 718 1128 754 de
1153 731 1242 754 exer-

220 773 285 808 citu
302 773 456 818 exierunt,
473 774 508 807 &
525 785 611 807 totus
628 773 783 808 exercitus
800 786 921 809 vacuus
941 771 1098 808 remansit.
1116 771 1179 807 Sed
1195 771 1243 806 his

220 825 334 862 diebus
349 826 514 862 savaricus
524 825 566 861 de
578 826 687 861 Leone
698 839 775 861 cum
794 840 835 862 xv
848 826 948 875 galeis
960 827 1060 870 venit,
1075 827 1109 860 &
1127 825 1242 869 sciatis,

221 878 313 926 quod
330 878 415 914 fraus
440 878 598 927 regnabat
617 880 701 914 inter
717 880 859 914 nostram
879 892 1012 927 gentem
1028 881 1063 914 &
1085 879 1240 927 Paganos.

221 934 256 968 ln
274 932 327 967 die
344 932 453 967 sanai
475 931 625 967 Iohannis
651 932 824 977 amifimus,
839 939 848 955 ¹
871 934 905 967 &
923 932 1074 967 soldanus
1091 932 1176 967 fecit*
1189 943 1242 966 ca-

220 986 289 1033 pita
305 985 564 1020 Christianorum
589 987 762 1031 excoriare,
788 987 823 1021 ὅ(
839 985 922 1020 misit
947 998 986 1020 ea
1002 985 1096 1032 super
1111 983 1243 1032 spaldos

219 1040 255 1074 ὅ(
270 1051 330 1087 per
346 1050 430 1073 totas
454 1039 638 1086 provincias
654 1038 832 1084 Babylonie
852 1040 898 1074 ita
915 1038 1076 1074 dicendo:
1109 1039 1243 1084 Qicun-

220 1105 275 1138 que
295 1092 450 1126 voluerum
457 1092 581 1138 sclavos
598 1094 783 1137 clzrifflanos,
809 1095 866 1127 huc
882 1094 1034 1135 accedant,
1053 1094 1123 1137 quia
1143 1105 1243 1126 eorum

213 1148 370 1193 principes
378 1146 577 1192 manuisum,
592 1145 622 1179 θ’
635 1146 704 1190 αΙὶῘ,
717 1149 768 1191 qui
775 1147 986 1192 remanserunt,
1000 1146 1242 1192 noluntfugere!

219 1198 254 1233 Et
278 1196 446 1234 nobiscum
469 1199 600 1245 paelum
626 1210 782 1245 ceperunt
802 1197 988 1233 machinare
1011 1199 1045 1233 &
1069 1197 1244 1234 veniebant

219 1249 263 1286 ad
279 1250 424 1298 hospicia
444 1251 551 1286 nostra
569 1252 603 1286 ὅ(
622 1251 719 1286 nostri
741 1251 783 1286 ad
801 1264 926 1296 eorum,
956 1253 991 1287 ὅ(
1017 1264 1132 1286 omnes
1150 1264 1242 1299 puta-

219 1302 345 1349 bamus,
374 1317 489 1340 verum
506 1303 581 1348 effe,
608 1304 661 1340 sed
676 1305 802 1354 legatus
827 1307 860 1339 &
885 1318 940 1340 rex
967 1318 1035 1341 non
1062 1304 1244 1340 traaabant

219 1357 285 1393 hoc
301 1357 413 1401 corde,
435 1357 490 1393 sed
509 1370 590 1393 unus
607 1358 708 1393 alium
725 1356 879 1394 deludere
895 1357 1054 1406 pumbat3
1079 1360 1242 1407 principes

220 1411 318 1446 nostri
343 1410 508 1446 dicebant:
538 1414 694 1446 Faciamus
720 1414 776 1446 Ιιοι·
801 1413 890 1458 usque
914 1413 955 1446 ad
975 1413 1157 1457 receffionem
1169 1416 1245 1460 pas-

211 1467 313 1512 sagii,
331 1465 408 1512 quia
425 1463 508 1500 bene
526 1463 677 1509 sciebant,
695 1464 787 1511 quod
805 1465 897 1500 multi
921 1464 1077 1501 nolebant
1095 1466 1245 1501 recedere

219 1530 355 1566 propter
370 1529 502 1553 metum.
520 1518 614 1552 Tunc
626 1518 862 1553 infremuerunt
879 1531 994 1554 omnes
1006 1517 1243 1554 Babilionenses

219 1572 255 1606 &
266 1571 432 1619 Egiptiaci‚
445 1573 479 1606 ὅ(
488 1583 643 1606 venerunt
656 1571 747 1619 parvi
759 1572 794 1606 &
807 1572 966 1620 magni&
979 1573 1084 1607 eciam
1097 1572 1245 1608 mulieres

219 1626 254 1661 in
273 1624 444 1659 occursum
462 1625 676 1673 Paganorum.

268 1677 475 1714 XLIV-XLV.
496 1680 529 1712 ln
558 1678 671 1713 ultima
695 1677 905 1713 hebdomada
933 1678 1129 1726 Septembris
1159 1679 1242 1714 duo·
1257 1691 1319 1722 Sept.
1330 1697 1410 1721 23-29.

220 1731 329 1767 decim
358 1743 458 1766 naves
486 1730 528 1765 ad
557 1743 690 1778 portum
711 1731 865 1776 exierunt,
888 1733 923 1766 &
946 1732 1076 1780 Pagani,
1102 1731 1167 1767 hoc
1198 1734 1244 1768 vi-

221 1783 346 1829 dentes,
365 1786 499 1832 pafium
515 1796 697 1819 renuerunt.

268 1837 375 1873 XLVI.
410 1839 442 1872 ln
468 1835 648 1884 [vicefimo]
678 1837 793 1884 quinto
824 1836 875 1872 die
900 1836 1100 1884 Septembris
1127 1839 1246 1887 Pagani
1258 1850 1367 1881 Sept.25.

220 1903 379 1927 venerunt
403 1903 442 1925 ex
469 1902 603 1937 utraque
628 1903 719 1938 parte
747 1903 806 1938 per
833 1903 951 1925 terram
975 1890 1105 1926 firmam
1129 1893 1163 1926 &
1189 1905 1246 1940 per

221 1942 378 1988 sabulum,
396 1945 430 1978 &
449 1942 599 1978 soldanus
616 1942 696 1978 dixit
711 1944 774 1979 eis:
798 1946 910 1978 Intrate
927 1957 1025 1979 omnes
1041 1947 1071 1979 in
1085 1946 1242 1991 foffatum,

221 2001 292 2044 quia
310 1999 475 2044 Christiani
485 2011 594 2043 parum
611 1998 728 2032 valent!
752 1997 785 2032 Et
807 2009 933 2041 omnes,
961 1996 1048 2044 quali
1075 1997 1117 2033 ad
1134 1998 1245 2047 epulas

260 2129 271 2149 ι
289 2121 360 2148 lacus
373 2127 454 2148 vacat
464 2121 490 2148 in
500 2121 579 2148 codice
587 2133 594 2155 ς
599 2120 762 2156 supplendum
773 2120 816 2156 ‘ff'
829 2120 946 2148 videtur.-
961 2121 1062 2149 multos.
