1624 2788
43 589 69 612 Ρ.
79 589 95 612 f.
109 596 151 612 ιη
162 590 188 612 B.

17 637 77 661 Mus.
89 647 110 669 p.
123 645 188 669 1095.

505 253 711 280 osssm1on1s
729 252 926 279 DAMlATE.
1178 249 1224 290 95

202 366 258 413 qui
275 365 361 401 clam
386 376 520 413 propter
536 364 796 401 Christianorum
814 375 938 398 metum
959 361 1001 397 de
1018 361 1226 410 expeditione
1241 377 1298 400 1219

202 419 364 468 fugerant,
394 419 507 466 quinta
530 431 603 466 pars
619 418 751 453 illorum
768 415 940 452 deficiebat
955 417 990 451 δ(
1007 415 1190 460 recefferat3
1214 422 1224 438 ¹

203 473 381 508 confortati
405 485 549 519 namque
566 479 581 495 ²
605 471 776 507 Christiani
802 470 920 519 gratias
940 476 952 499 ³
973 470 1122 504 Domino
1153 469 1226 503 nos-

203 537 253 560 tro
264 533 280 555 4
298 525 481 560 referentes.

250 579 378 614 ΧΧΧΙΙ.
403 579 546 626 Precepit
566 579 675 625 itaque
700 577 853 612 dominus
874 576 999 624 legatus
1017 587 1125 623 gattos
1142 576 1228 612 iuxta

203 633 311 667 menia
324 632 459 667 civitatis
471 631 595 666 trahere
606 637 619 660 5
632 632 666 665 &
679 629 840 674 fossatum,
856 627 947 676 quod
960 629 1049 663 secus
1061 629 1226 664 civitatem

201 698 280 730 erat,
297 685 442 733 implere.
458 685 472 707 ⁶
488 684 602 719 Castra
621 684 798 731 lignorum,
824 683 987 730 petrarias,
999 688 1013 710 7
1030 695 1226 730 manganes,

201 738 398 774 trabuchos⁸
413 739 448 772 &
473 737 534 772 alia
559 737 712 772 machina
734 749 839 784 prope
862 749 973 771 muros
990 737 1142 771 Damiate
1167 748 1225 782 ap-

199 793 419 840 propinquare
433 792 467 825 &
480 803 665 838 apponere:
677 797 691 820 9
713 790 952 838 proposuerant
965 802 1108 836 namque
1118 788 1226 824 Chris·

199 846 278 880 tiani
309 845 474 880 civitatem
510 842 654 890 undique
673 850 700 866 ¹0
729 855 924 891 expugnare.
967 842 1108 877 Decimo
1137 841 1222 876 die¹¹
1238 853 1280 876 lul.
1294 861 1328 876 10.

198 897 313 933 menfis
335 897 400 941 lulij
422 897 537 932 duetus
562 897 606 932 est
621 903 649 919 ¹²
661 908 770 944 gattus
782 903 808 926 ¹3
827 895 1086 931 Christianorum
1097 902 1125 924 ¹4
1138 896 1226 930 iuxta

199 949 353 986 foffatum
370 951 506 985 civitatis
520 956 545 980 Ι5
559 962 635 984 ante
654 950 767 984 turrim
784 947 1033 993 destruendam3
1058 947 1138 983 illud
1156 949 1225 995 qui-

197 1003 274 1039 dem
295 1002 449 1038 foffatum
465 1003 594 1051 impleri
605 1003 632 1025 ¹⁶
646 1015 715 1038 non
745 1002 854 1050 potuit
879 1000 1081 1049 [implicitate
1098 1003 1132 1036 ὃ(
1149 1014 1225 1049 pec-

197 1058 276 1092 catis
294 1057 563 1101 Christianorum,
582 1055 734 1091 omnibus
754 1055 918 1104 fligatis‚¹7
930 1056 987 1102 qui
1001 1053 1227 1090 custodiebant

197 1122 322 1158 magno
333 1108 445 1144 labore
459 1108 659 1144 dormientes
676 1109 709 1144 in
724 1109 809 1143 seXta
820 1109 900 1143 hora
913 1108 988 1152 diei,
1004 1108 1122 1143 scilicet
1135 1110 1225 1142 Ianu-

197 1162 499 1210 enses,¹⁸Spoletani
512 1164 547 1197 &
559 1162 709 1207 Romani,
723 1162 778 1208 qui
792 1160 957 1196 debebant
969 1160 1129 1196 custodire
1139 1174 1225 1196 eum.

197 1216 232 1251 Et
254 1217 402 1251 secrete¹⁹
412 1227 570 1251 venerunt
587 1216 639 1259 viij
657 1215 823 1250 Sarraceni
841 1214 1000 1262 desperati
1017 1215 1052 1249 δι
1074 1214 1227 1249 miserunt

196 1270 308 1318 ignem
322 1269 356 1303 in
376 1268 466 1303 disto
483 1280 587 1316 gatto,
605 1281 745 1315 quorum
765 1267 833 1303 duo
846 1268 935 1316 capti
947 1268 1018 1303 sunt
1038 1269 1073 1302 ὅ(
1089 1268 1228 1315 proiedh

195 1322 230 1357 in
245 1323 358 1382 ignem
373 1323 408 1357 &
425 1320 516 1356 fimul
532 1334 606 1356 cum
621 1333 714 1369 gatto
724 1320 882 1356 combusti
892 1321 973 1365 sunt,
975 1328 1006 1344 ²0
1021 1320 1106 1356 &de
1119 1321 1227 1356 Chris-

197 1375 289 1410 tianis
314 1375 407 1410 multi
435 1375 556 1409 mortui
581 1374 664 1420 sunt,
691 1386 730 1409 ex
760 1387 830 1422 quo
855 1375 975 1422 Pagani
1001 1375 1035 1409 &
1061 1375 1226 1409 sarraceni

196 1440 356 1476 magnum
374 1435 402 1451 ²¹
427 1426 585 1476 gaudium
611 1427 802 1472 habuerunt,
831 1427 1004 1463 Christiani
1028 1440 1107 1463 vero
1129 1426 1225 1463 valde

196 1480 268 1516 sunt
278 1487 307 1504 ²²
325 1481 510 1516 contristati.
519 1488 547 1510 ²³

246 1533 385 1569 XXXm.
405 1537 438 1569 in
451 1533 504 1568 die
517 1535 611 1569 Beate
625 1533 828 1581 Margarethe
841 1533 972 1582 virginis
983 1533 1154 1568 Christiani
1168 1547 1223 1568 co·
1237 1546 1278 1570 [αι.
1290 1555 1326 1570 20.

198 1586 274 1621 chas
291 1588 326 1621 &
342 1587 451 1635 galeas
463 1588 497 1622 &
511 1586 645 1622 bai-chas
662 1588 696 1621 ὅ(
712 1586 774 1621 alia
790 1586 880 1634 ligna
897 1598 1103 1622 armaverunt
1119 1588 1154 1621 ὃς
1166 1600 1224 1635 per

199 1637 334 1675 fluvium
362 1641 552 1688 navigantes
577 1640 661 1687 ipsas
687 1640 786 1674 muris
807 1639 981 1675 civitatisu
994 1639 1223 1687 apposuerunt.

236 1745 244 1760 ι
264 1737 300 1762 Μ.
315 1735 452 1762 recesserat.
472 1751 503 1756 —
525 1747 539 1762 ιι
558 1737 582 1762 1³.
596 1737 658 1761 add.
680 1736 742 1761 sunt.
767 1750 799 1754 —
822 1744 835 1766 3
851 1736 888 1761 M.
902 1741 994 1769 grates.
1011 1750 1046 1754 —
1061 1745 1079 1767 4
1092 1736 1117 1761 P.
1131 1745 1176 1761 om.
1192 1751 1225 1755 —

199 1784 212 1807 5
230 1776 255 1800 P.
275 1776 345 1801 trahi.
363 1791 398 1795 —
415 1778 430 1801 6
446 1776 470 1801 Ρ.
491 1775 594 1810 impleri.
619 1790 652 1794 —
667 1784 680 1806 7
698 1777 722 1801 Ρ.
735 1774 860 1809 predas-iis.
883 1789 914 1794 --
930 1777 943 1800 8
959 1775 984 1800 1³.
997 1775 1141 1806 trabuchos,
1157 1784 1227 1801 man-

197 1823 284 1848 ganes.
301 1830 333 1834 —
349 1824 363 1847 9
377 1816 403 1841 P.
412 1815 614 1850 appropinquari,
626 1815 731 1841 omittens
741 1816 763 1840 δι
775 1823 907 1848 apponere.
919 1830 952 1833 —
970 1823 999 1840 ιο
1009 1815 1036 1840 Ρ.
1049 1815 1158 1849 undique
1167 1816 1227 1842 civi-

198 1860 285 1880 tatem.
302 1869 329 1874 -
348 1864 374 1880 ιι
393 1856 420 1880 Ρ.
433 1864 479 1881 om.
494 1870 527 1874 -
546 1864 574 1880 12
590 1856 616 1880 P.
627 1864 669 1881 om.
681 1854 770 1880 duetus
783 1854 825 1886 est,
840 1853 947 1887 &legin
958 1862 1023 1879 cum.
1039 1869 1071 1873 —
1088 1863 1116 1885 ¹3
1129 1856 1156 1880 Ρ.
1170 1862 1226 1890 gat-

199 1900 260 1919 tum.
272 1908 307 1912 —
323 1903 355 1925 ¹4
370 1895 394 1919 Ρ.
410 1895 472 1920 add.
490 1895 571 1919 staret.
588 1909 621 1914 —
640 1903 668 1927 ¹5
687 1895 714 1920 P.
728 1902 773 1920 om.
790 1899 848 1919 ante
861 1899 921 1918 turr.
936 1893 1074 1919 destruend.
1089 1908 1123 1913 -—
1140 1898 1169 1919 1⁶
1184 1898 1223 1922 M.

197 1931 305 1966 implere.
321 1947 354 1952 ——
377 1941 406 1963 ¹7
422 1935 445 1958 P.
462 1942 506 1959 om.
522 1942 572 1958 non
590 1933 671 1967 potuit
693 1934 721 1958 ὅ
733 1941 787 1959 cum
801 1933 838 1958 M.
854 1932 924 1966 legit.-
937 1932 1065 1964 omnibus,
1083 1932 1172 1967 fugati.
1193 1949 1226 1953 —

204 1974 234 1997 18
245 1972 282 1997 M.
293 1971 363 2005 legit.-
376 1972 540 2003 Ianuensmm‚
554 1972 743 2006 Spoletanorum
757 1973 780 1998 δι
793 1972 976 1997 Romanorum.
993 1987 1027 1991 —
1039 1981 1069 2005 ¹9
1080 1973 1106 1998 Ρ,
1115 1972 1226 2006 Ιεὲὶειάο

197 2010 298 2036 civitate
313 2011 409 2045 private
426 2018 543 2037 exeuntes
560 2011 619 2036 illud
634 2018 733 2046 ganum
751 2011 812 2037 mire
827 2011 1005 2045 magnitudinis
1025 2012 1048 2037 81
1066 2011 1226 2043 fortitudinis,

199 2059 257 2076 cum
266 2059 318 2084 quo
328 2050 456 2077 civitatem
466 2051 635 2076 indubitanter
648 2059 737 2085 capere
747 2051 891 2083 credebant,
903 2050 1096 2076 combufferunt.
1109 2050 1143 2071 —'
1154 2061 1186 2077 ιο
1197 2052 1223 2077 Ρ.

198 2099 243 2115 om.
257 2090 308 2116 hec
319 2091 399 2116 omnia
411 2091 486 2125 usque
498 2092 535 2115 ad
547 2090 638 2115 mortui
653 2091 716 2116 sunt.
732 2105 764 2110 —
782 2099 811 2116 αι
829 2091 856 2116 Ρ.
870 2090 966 2123 ingens.
978 2104 1010 2109 —
1030 2100 1061 2116 22
1077 2091 1101 2116 Ρ.
1114 2090 1222 2116 fuerunt.

198 2144 232 2148 —
248 2138 278 2161 ²3
294 2130 383 2156 Padd.
403 2130 426 2154 δι
437 2129 515 2155 diffifi.
530 2144 562 2148 —
579 2139 610 2163 ²4
628 2130 653 2155 P.
666 2129 774 2155 civitatis
786 2129 870 2155 muris.
