1624 2788
401 257 467 295 144
637 256 747 283 LIBER
774 256 926 283 DUELLII
951 257 1176 283 CHRISTIANI

668 336 693 355 l

321 378 378 400 12¹8
444 369 490 403 ΙΙΙ.
515 367 705 403 Contristati
731 368 838 403 sumus
865 368 1061 404 multociens
1085 381 1148 417 pro
1170 368 1316 416 quadam
1343 371 1419 405 turri

393 421 609 466 munitiffima‚
632 422 726 468 super
743 422 932 470 congeriem
950 421 1117 470 lignorum
1133 422 1167 456 in
1186 421 1296 457 medio
1313 421 1419 458 flumi-

394 475 442 509 nis
453 474 616 510 fabricata.
633 477 664 509 ln
676 475 737 509 hae
749 475 838 510 enim
848 487 975 510 camere
987 487 1089 520 erant,
1103 474 1180 510 ficut
1189 476 1283 523 supra
1297 475 1420 511 distum

393 529 448 572 est,
467 528 672 577 septuaginta
693 530 727 563 &
743 529 776 563 in
796 527 925 577 singulis
942 529 989 563 his
1007 529 1065 564 tria
1082 528 1235 575 archaia,
1252 530 1286 564 in
1304 529 1421 577 quibus

393 582 509 617 milites
528 582 660 617 trecenti
686 595 762 617 cum
790 582 898 617 multis
916 581 1032 618 balistis
1053 584 1087 617 δε
1111 584 1207 617 armis
1224 584 1258 618 &
1282 596 1343 619 tres
1358 585 1421 619 mi-

394 636 464 680 rarij
481 634 523 670 ad
544 634 788 671 defendendum
810 636 972 671 constituti
988 637 1022 671 &
1041 636 1191 671 vicinalia
1211 637 1311 672 multa
1330 650 1422 673 erant

392 689 464 734 illis,
487 688 529 723 ad
547 688 890 724 annum'sufficientia.
921 690 999 724 Tres
1017 691 1115 724 etiam
1142 703 1257 725 catene
1279 703 1370 726 erant
1386 692 1419 726 in

393 756 431 777 ea
449 743 640 778 conclavate
658 743 758 790 usque
783 742 826 777 ad
851 756 962 777 muros
980 744 1127 789 civitatis,
1154 745 1199 778 ita
1223 744 1315 791 quod
1332 745 1421 780 nulla

393 797 483 831 navis
496 809 555 844 per
568 795 702 831 fluvium
717 795 824 844 poffet
837 796 1019 841 ascendere,
1038 797 1180 844 ideoque
1194 797 1291 832 nostri
1305 798 1420 845 nequi-

393 849 472 885 bant
485 850 605 885 civitati
620 850 888 897 appropinquare
902 851 936 885 &
949 851 1140 885 exstruentes
1153 851 1252 886 scalas
1268 852 1301 886 in
1315 852 1421 899 prima

304 909 378 932 1u1·1-
393 903 446 938 die
465 904 530 948 lulij
549 902 781 938 debellavimus
799 904 910 938 turrim
928 916 1090 951 putantes,
1114 917 1175 939 nos
1193 903 1285 952 poffe
1303 918 1421 952 capere

393 971 475 992 eam.
497 957 588 992 Scale
605 969 683 991 vero
702 957 800 991 frac'te
820 957 959 1002 fuerunt,
978 971 1078 1005 quam
1098 958 1164 992 cito
1180 959 1256 992 turri
1273 959 1346 993 sunt
1363 972 1419 1006 ap-

393 1009 506 1059 posite,
520 1012 555 1045 &
571 1010 644 1057 plus
657 1023 758 1057 quam
775 1022 908 1045 centum
925 1011 1122 1046 strenuiffimi
1137 1012 1195 1047 viri
1211 1012 1326 1047 milites
1344 1025 1419 1047 cum

393 1077 515 1112 nepote
534 1063 624 1099 ducis
639 1065 762 1099 Austrie
780 1065 814 1099 in
831 1077 918 1112 aqua
936 1064 1085 1100 submerfi
1100 1066 1180 1101 sunt.

443 1118 494 1153 lV.
515 1120 630 1153 lterum
650 1118 735 1153 facsta
753 1118 796 1153 est
820 1118 882 1153 alia
900 1119 983 1154 scala
1001 1117 1042 1154 ab
1065 1118 1318 1155 Austrafionibus
1335 1121 1370 1155 δε
1386 1121 1419 1155 in

268 1182 326 1210 Aug.
341 1187 377 1210 24
392 1172 472 1207 festo
505 1172 612 1207 Sanffl
641 1171 839 1207 Bartolomei
868 1171 972 1221 posita
999 1172 1042 1207 est
1076 1172 1117 1207 ad
1149 1173 1272 1207 turrim.
1307 1173 1420 1221 Qam

393 1225 550 1270 videntes,
576 1225 696 1274 Pagani
721 1226 884 1260 eiecerunt
901 1226 1014 1274 ignem
1034 1226 1208 1261 sulfureum
1226 1227 1319 1274 super
1336 1240 1421 1273 eam,

393 1292 456 1326 que
475 1279 570 1313 nimis
595 1278 729 1313 accensa
748 1278 802 1323 est,
827 1280 861 1313 &
882 1291 1009 1322 omnes,
1028 1279 1083 1326 qui
1105 1292 1177 1314 eam
1198 1279 1419 1324 ascenderant,

391 1331 584 1368 videbantur
599 1332 744 1367 cremati.
776 1332 857 1379 Qo
875 1332 954 1376 viso,
980 1331 1238 1367 Christianorum
1264 1334 1420 1368 exercitus

392 1386 601 1433 prosternitur
619 1398 716 1429 totus,
736 1385 874 1420 fundens
897 1385 1045 1420 lacrimas
1063 1398 1138 1420 cum
1157 1385 1358 1422 orationibus
1378 1386 1420 1422 ad

391 1439 586 1483 Dominum,
614 1437 669 1473 sed
695 1439 809 1473 arterie
832 1439 1010 1473 multorum
1036 1451 1163 1474 tantum
1183 1452 1274 1486 erant
1290 1440 1420 1488 exaspe-

391 1504 468 1537 rate‚
488 1491 579 1539 quod
605 1492 656 1526 vix
678 1491 844 1527 dicebant:
871 1495 1004 1527 ‘Domine
1022 1494 1180 1539 miserere!
1205 1493 1295 1528 Cum
1311 1505 1420 1528 autem

390 1547 532 1594 primam
555 1545 670 1580 horam
692 1544 828 1580 essemus
855 1546 887 1581 in
910 1545 971 1580 hac
995 1545 1132 1590 tristicia,
1158 1544 1262 1581 subito
1280 1545 1420 1581 vidimus

390 1600 501 1634 lumen
526 1598 722 1633 immensum
745 1599 912 1634 coruscare
935 1599 1028 1646 super
1052 1600 1228 1634 exercitum
1244 1599 1328 1634 &in
1345 1601 1421 1635 turri

391 1654 499 1688 sancle
513 1653 614 1687 crucis
632 1652 793 1687 vexillum.
814 1652 872 1686 His
886 1651 967 1697 visis,
986 1665 1065 1699 quas
1084 1665 1122 1687 ex
1134 1652 1222 1687 luftu
1238 1653 1420 1698 amiserant,

391 1719 490 1742 voces
518 1705 689 1740 confestim
707 1717 988 1752 recuperaverunt,
1006 1706 1117 1752 itaque
1143 1706 1234 1740 turris
1252 1718 1347 1753 capta
1365 1706 1419 1750 est,

391 1762 425 1795 &
437 1760 525 1808 capti
543 1759 671 1795 fuerunt
689 1760 723 1794 in
742 1773 779 1794 ea
797 1773 912 1795 omnes
929 1760 1046 1795 milites
1065 1773 1140 1795 cum
1159 1759 1256 1795 tribus
1274 1761 1416 1795 mii-ariis.

439 1814 480 1848 V.
495 1813 564 1861 Qi
578 1825 653 1847 cum
668 1812 756 1847 dmsti
771 1811 900 1848 fuiffent
918 1826 992 1847 ante
1011 1812 1129 1848 ducem
1147 1814 1281 1857 Austrie,
1300 1812 1419 1860 quesie-

391 1879 475 1910 runt,
509 1865 643 1901 ubinam
668 1864 922 1909 essent-milites,
954 1867 1009 1913 qui
1037 1865 1091 1901 sibi
1117 1867 1150 1901 in
1179 1865 1315 1902 vestibus
1339 1865 1419 1901 albis

391 1931 619 1967 apparuerant,
643 1920 673 1953 δ’
701 1922 777 1954 inter
795 1934 846 1954 eos
875 1923 964 1954 etiam
991 1922 1111 1965 quidam
1137 1922 1242 1955 rubeus
1263 1933 1337 1963 erat,
1367 1923 1420 1965 qui

391 1987 491 2007 omnes
516 1973 719 2007 modulatione
745 1974 828 2007 dulci
851 1990 861 2007 .·
883 1975 925 2007 ‘Te
949 1976 1046 2007 ‘Deum
1075 1974 1232 2007 laudamus
1253 1974 1418 2020 personan—

390 2039 435 2061 tes
453 2039 507 2060 nos
516 2027 679 2071 forti'ffime
696 2028 911 2072 expugnabant.
943 2027 1038 2060 Tunc
1055 2039 1171 2061 omnes
1190 2026 1288 2060 nostri
1306 2024 1418 2061 ostensu

392 2080 463 2114 sunt
480 2079 536 2124 eis,
555 2079 611 2125 qui
628 2077 794 2114 dixerunt:
821 2080 958 2126 Nullus
980 2082 1099 2124 istorum
1118 2083 1222 2127 invafit
1236 2093 1298 2113 nos.
1324 2079 1418 2114 Tunc

391 2131 576 2167 christianus
607 2132 761 2166 exercitus
794 2132 959 2176 intellexit,
998 2131 1088 2179 quod
1119 2133 1282 2167 Dominus
1313 2132 1419 2168 noster
