1624 2788
383 231 395 255 1
406 229 449 266 14
824 225 951 251 GESTA

307 353 365 377 1219
379 347 504 369 currere
517 334 649 377 civitati,
665 331 719 368 sed
733 332 862 367 summo
875 344 972 367 mane
982 343 1140 367 venerunt
1156 331 1315 379 aliquanti
1332 332 1404 367 Sar-

380 388 487 423 raceni
500 389 534 422 &
547 386 696 423 viderunt
710 386 910 421 Christianos
924 384 1008 420 bene
1021 397 1164 420 armatos
1177 386 1211 420 &
1224 396 1404 420 cantantes:

380 443 470 487 Kyrie
487 442 598 487 eleison
612 441 646 475 &
665 441 774 475 Gloria
791 443 822 474 in
840 440 958 487 excelsis
974 441 1055 484 Deo,
1076 437 1163 473 unde
1180 450 1263 473 unus
1280 450 1319 473 ex
1334 439 1405 473 Sar-

381 494 503 529 racenis
521 493 617 528 dixit:
636 494 665 528 0
683 494 862 538 Cltrzfliani,
879 494 953 538 quid
966 495 1005 538 est
1022 495 1089 537 hoc,
1105 493 1185 538 quod
1203 504 1317 526 tantum
1330 504 1407 538 gau-

381 549 464 582 dium
499 549 639 581 habetis?
672 545 920 594 Responderunt
949 545 1134 580 Christiani:
1162 547 1292 591 Qonne
1323 546 1408 580 vides

383 603 439 643 Tu,
460 601 540 646 quod
555 602 706 635 Dominus
724 603 818 645 nqfter
834 601 937 647 Hzesus
956 601 1089 644 Christus
1112 601 1142 633 ἰη
1162 601 1217 632 hac
1238 600 1322 632 ποθ(
1346 611 1410 633 tra-

382 656 465 689 didit
477 656 563 688 nobt‘s
576 656 728 688 civitatem
742 656 912 687 Damiate?
923 652 958 687 Et
969 651 1075 687 statim
1090 651 1184 687 rediit
1197 652 1232 686 &
1245 652 1411 688 nunciavit

383 707 573 751 Sarracenis‚
593 706 649 753 qui
661 718 821 740 currentes
835 706 1067 740 nunciaverunt
1081 703 1227 740 soldano,
1240 704 1412 749 Soldanus,

384 761 448 795 boc
471 759 617 805 audiens,
643 759 749 794 statim
775 758 943 805 loquelam
965 756 1107 806 perdidit
1129 759 1164 793 &
1187 758 1263 793 fecit
1286 757 1413 806 {ignum

384 814 452 848 aliis
469 815 503 848 &
522 813 703 860 imperavit,
730 824 764 847 ut
781 825 896 846 eorum
914 812 1022 859 capita
1038 823 1272 856 truncarentur,
1297 813 1331 846 &
1348 811 1414 846 hoc

385 867 508 902 saelum
533 867 578 901 est
601 865 665 901 sine
687 865 927 900 intermiffione.
956 865 1112 912 Cumque
1133 877 1194 912 per
1216 863 1296 899 duas
1317 865 1414 900 horas

384 921 418 954 in
437 932 526 955 tanta
556 920 676 954 tristitia
697 921 731 954 &
753 919 901 967 angustia
926 917 1015 963 esset,
1042 920 1141 954 erexit
1167 918 1198 954 se
1227 920 1262 953 &
1283 918 1416 966 arripuit

385 972 516 1016 ferrum,
535 985 603 1020 quo
618 973 740 1006 cinc‘tus
753 983 831 1015 erat,
850 969 905 1005 sibi
918 970 1054 1006 barbam
1067 973 1102 1006 &
1116 984 1216 1007 trezas
1229 973 1263 1006 δε
1276 970 1416 1006 caudam

376 1027 420 1060 '&
437 1038 570 1061 comam
588 1026 634 1060 sui
651 1026 727 1072 equi
745 1025 915 1070 truncavit,
932 1026 966 1060 &
981 1037 1096 1060 omnes
1114 1025 1165 1070 alij
1184 1026 1228 1060 ita
1243 1023 1417 1069 faciebant,

387 1078 506 1114 deinde
530 1078 745 1114 lamentantes
771 1077 938 1113 dicebant:
967 1079 996 1112 0
1027 1081 1182 1122 Damion,
1224 1079 1314 1124 usque
1342 1090 1418 1112 nunc

378 1135 471 1179 fuisti
499 1134 621 1167 lucerna
650 1134 844 1178 Paganorum
871 1132 1112 1178 inextinguibilis
1138 1131 1168 1165 δ’
1198 1133 1353 1178 obscurata
1384 1144 1419 1165 es

387 1189 490 1222 nobis!
520 1187 644 1221 cAmodo
669 1188 729 1220 eris
753 1186 872 1219 lucerna
901 1186 1149 1229 Christianorum.
1184 1185 1270 1230 Quid
1284 1186 1417 1229 faciam,

389 1242 490 1286 miser,
507 1253 597 1285 quare
620 1252 676 1273 nort
692 1241 775 1287 perii
794 1241 824 1272 in
841 1250 923 1272 utero
941 1240 1047 1272 matris
1068 1242 1150 1271 mee?
1173 1235 1256 1284 [lob‚
1275 1246 1328 1281 111,
1352 1236 1418 1284 11.]

392 1295 495 1339 Qare
512 1306 570 1327 non
583 1295 678 1339 perij,
696 1305 851 1336 antequam
860 1292 920 1337 sub
938 1304 1002 1325 meo
1017 1291 1152 1325 dominio
1171 1293 1256 1337 virgo
1270 1292 1418 1324 ‘Damiata

391 1362 408 1381 a
425 1349 606 1391 Christianis
619 1347 687 1391 effer
700 1346 833 1379 violata?
850 1343 884 1378 Et
897 1342 989 1378 dixit:
1006 1346 1115 1378 Pereat
1127 1345 1203 1388 dies,
1218 1346 1248 1378 in
1265 1357 1321 1389 qua
1333 1356 1420 1377 natus

383 1403 438 1447 fui
456 1401 486 1434 δ’
499 1413 556 1434 non
573 1412 739 1434 numeretur
757 1401 787 1432 in
801 1400 904 1432 diebus
919 1401 1000 1440 anni,
1019 1400 1159 1442 quoniam
1177 1398 1299 1431 multam
1317 1398 1420 1444 obscu-

391 1458 511 1489 ritatem
530 1454 637 1488 obtulit
653 1454 757 1487 nobis!
777 1450 861 1499 [lob,
879 1460 936 1493 111,
957 1449 1044 1498 3-6.]

441 1507 528 1542 LVn.
555 1506 707 1541 Damiata
731 1517 799 1540 erat
816 1503 946 1539 duobus
967 1505 1066 1538 muris
1084 1502 1287 1538 circumdata
1304 1503 1339 1537 δί
1359 1501 1422 1536 fos-

394 1562 461 1597 sato
482 1561 581 1609 pleno
599 1573 695 1607 aqua,
723 1572 781 1606 per
805 1557 897 1606 quod
917 1557 1009 1606 galee
1032 1556 1165 1605 poffunt
1189 1558 1245 1602 ire,
1275 1558 1309 1591 &
1327 1554 1462 1590 habetM
1481 1566 1538 1595 f-67
1550 1566 1576 1590 B.

393 1616 454 1660 xxij
473 1627 593 1662 portas,
619 1614 722 1658 xxxxii
741 1612 868 1647 castella
891 1611 931 1646 de
949 1612 1103 1646 amitat-iis
1130 1611 1254 1645 circum
1277 1622 1316 1645 ea
1331 1611 1366 1644 &
1384 1621 1424 1644 cx

394 1683 493 1705 turres
511 1670 592 1703 inter
610 1680 724 1715 parvas
742 1668 776 1701 δε
791 1679 939 1714 magnas,
960 1664 1023 1700 fine
1041 1665 1168 1713 magnis
1191 1661 1422 1707 mansionibus,

394 1736 458 1771 que
476 1722 546 1757 sunt
559 1721 622 1756 sine
637 1733 782 1755 numero,
801 1722 992 1755 {nvenerunt
1005 1718 1178 1754 Christiani
1194 1718 1228 1752 in
1242 1716 1328 1752 dicta
1346 1717 1424 1751 civi-

394 1789 459 1812 tate
477 1789 602 1820 aurum,
616 1787 801 1823 argentum,
818 1773 977 1821 pretiosos
993 1771 1130 1820 lapides,
1143 1783 1312 1819 purpuras,
1328 1770 1423 1805 sami-

395 1842 458 1874 tos‚
484 1841 678 1864 ornamenta
700 1826 855 1862 catiffima
873 1828 907 1862 ὅ(
924 1827 998 1862 vasa
1019 1839 1115 1860 aurea
1135 1827 1170 1860 &
1188 1836 1343 1872 argentea
1361 1821 1425 1858 fine

396 1895 534 1918 numero
548 1883 582 1917 &
595 1883 677 1917 inter
695 1880 798 1916 asinos
811 1882 845 1915 &
859 1880 966 1914 mulos
984 1891 1121 1914 numero
1137 1891 1213 1913 cccc
1227 1879 1261 1912 ὅ(
1274 1889 1423 1926 granum,

396 1935 568 1980 hordeum,
594 1935 756 1970 biscotum
772 1936 807 1969 ὅ(
823 1934 990 1982 legumina
1013 1933 1094 1977 satis,
1114 1933 1148 1967 δι
1166 1931 1278 1966 omnia
1296 1930 1425 1965 fuerunt

400 1990 442 2025 de
461 1990 643 2024 communi.

445 2043 547 2078 LV111.
579 2045 612 2077 ln
629 2042 678 2077 his
696 2041 809 2077 diebus
826 2042 910 2076 inter
922 2040 1067 2088 legatum
1084 2040 1118 2074 ὅ(
1130 2051 1242 2087 regem
1264 2037 1428 2072 incentiva

403 2097 574 2141 malorum,
594 2095 658 2132 filia
675 2094 798 2131 diaboli
817 2096 852 2130 δε
869 2094 981 2144 regina
999 2093 1126 2137 inferni,
1147 2104 1211 2140 que
1230 2090 1347 2127 dicitur
1363 2089 1426 2125 dis-
