1624 2788
409 242 422 265 1
433 242 445 265 1
452 241 474 266 0
845 237 972 264 GESTA

331 364 389 388 ηις
403 361 563 385 venerunt
581 348 649 384 duo
667 349 806 393 amirarij
832 346 876 382 ad
897 347 1076 395 hospitium
1096 346 1246 395 legati&
1265 359 1331 382 una
1356 359 1432 382 cum

403 416 479 451 rege
494 403 595 438 locuti
613 403 685 437 sunt
696 403 731 437 ὃ(
745 401 790 437 ibi
801 400 952 436 biberunt
965 402 999 436 δε
1014 399 1230 435 comederunt
1242 401 1277 435 &
1291 399 1432 436 dormie-

296 469 356 492 Nov.
368 476 390 492 2.
403 468 477 491 runt
496 458 593 491 noete
611 455 672 491 illa.
704 454 856 491 Secundo
883 454 935 489 die
958 453 1025 489 duo
1044 453 1204 501 templarij
1222 455 1256 488 &
1273 453 1341 489 duo
1358 453 1432 489 hos-

295 523 354 544 Nov.
368 529 389 552 3.
402 509 538 557 pitalarij
556 522 633 543 curn
650 509 803 544 amirariis
815 509 1015 544 intraverunt
1033 508 1197 543 civitatem
1214 508 1249 542 &
1269 506 1322 542 die
1340 507 1432 542 tertio

402 562 554 598 soldanus
576 564 611 597 &
632 561 835 597 Corradinus
860 561 1014 596 miserunt
1043 562 1209 596 sexcentos
1238 560 1432 595 Sarracenos

401 616 574 651 intraturos
603 616 803 660 Damiamm,
835 615 891 662 qui
916 614 1017 649 sortiti
1043 614 1189 648 fecerunt
1218 625 1280 648 tres
1309 613 1432 648 scheras

400 670 483 705 inter
499 670 531 704 se
548 670 593 704 ita
611 668 771 704 dicendo:
799 672 837 703 Si
854 672 923 714 quis
941 671 1108 712 intraverit,
1137 671 1268 703 remittat
1286 669 1430 709 numium,

401 736 432 757 ut
456 725 603 758 venientes
632 725 774 756 intremus
802 735 867 756 cum
893 722 961 756 illo.
994 721 1056 756 Sed
1082 722 1258 765 Dominus,
1283 720 1340 767 qui
1367 719 1433 754 iarn

400 776 594 824 preliaverat
610 777 644 810 ὅ(
667 774 869 810 interfecerat
895 786 1049 822 quattuor
1066 788 1107 810 xx
1133 774 1232 809 millia
1258 773 1433 808 hominum

401 831 435 864 &
454 829 637 873 mulierum,
656 827 799 872 volebat,
817 826 910 875 quod
926 827 981 862 illa
1004 828 1116 863 civitas
1134 827 1374 862 consecraretur
1390 825 1432 860 ad

400 884 563 918 honorem
582 885 674 918 suum
687 884 721 917 &
739 883 834 917 Beate
848 882 948 917 Marie
966 882 1098 930 virginis
1115 883 1149 917 &
1167 882 1319 916 omnium
1335 881 1432 916 Sanc-

402 949 510 972 torum
524 938 559 972 &
574 936 677 972 voluit
689 935 848 971 destruere
862 936 1013 970 inimicos
1027 936 1142 970 crucis.
1157 935 1337 977 Sarraceni,
1354 934 1410 981 qui
1420 940 1429 956 ¹

401 1003 491 1026 erant
509 991 593 1025 inter
617 990 792 1025 exercitum
817 990 851 1024 &
875 989 1076 1031 civitatem,²
1103 987 1278 1024 veniebant
1305 999 1432 1022 tantum

401 1057 458 1092 per
475 1044 599 1091 aquosa
615 1043 701 1087 loca,
723 1044 757 1078 &
775 1041 918 1089 quedam
936 1042 1058 1076 femina
1075 1042 1202 1077 sentivit
1219 1053 1275 1076 eos
1294 1041 1330 1075 &
1346 1041 1433 1088 cepit

401 1097 538 1132 cridare:
558 1101 669 1140 οΑνηια,
691 1099 796 1131 arma!
816 1095 850 1130 Et
867 1095 941 1130 casu
955 1093 1085 1140 accidit,
1109 1095 1200 1142 quod
1221 1093 1380 1142 templarij
1398 1095 1504 1128 &Mun
1517 1113 1538 1135 p.
1551 1110 1618 1127 1102.

400 1150 596 1198 hospitalarij
624 1150 824 1185 surrexerunt
849 1148 891 1184 ad
919 1149 1128 1194 matutinum,
1151 1149 1208 1195 qui
1227 1160 1289 1196 pro
1314 1146 1433 1182 Christi

399 1205 536 1238 nomine
546 1217 615 1239 non
628 1202 751 1247 labore,
767 1215 835 1237 non
849 1214 966 1245 morte,
981 1215 1043 1237 nec
1054 1202 1161 1237 iaculo
1175 1201 1287 1249 aliquo
1298 1201 1432 1235 minime

400 1257 615 1292 formidantes
641 1268 875 1291 concurrerunt
896 1257 931 1290 &
955 1255 1186 1290 interfecerunt
1204 1254 1364 1290 ducentos
1389 1252 1431 1288 de

400 1311 580 1346 sarracenis
604 1311 639 1344 &
665 1310 848 1357 nonaginta
869 1310 1047 1356 capierunt.
1077 1308 1140 1352 Alij
1159 1320 1238 1344 vero
1256 1307 1431 1350 redierunt,

399 1367 433 1400 &
458 1377 535 1399 tunc
562 1363 712 1398 confudit
737 1364 827 1397 Deus
852 1363 1004 1397 inimicos
1030 1363 1143 1406 crucis,
1171 1363 1206 1397 &
1236 1373 1432 1409 acceperunt

399 1417 572 1452 Christiani
597 1417 706 1464 capita
734 1417 987 1451 sarracenorum
1009 1416 1043 1450 &
1064 1415 1272 1463 proiecerunt
1294 1427 1333 1449 ea
1355 1426 1479 1465 antem.
1491 1427 1548 1451 f.66
1559 1427 1590 1451 D.

399 1470 573 1506 soldanum
601 1471 636 1505 ὃ(
659 1478 801 1517 corpora
825 1481 901 1504 ante
921 1467 1076 1504 fossatum
1093 1468 1239 1512 civitatis,
1268 1479 1302 1502 ut
1327 1468 1431 1516 magis

400 1524 560 1560 dolerent.

448 1579 516 1613 LIII.
546 1577 643 1614 Unde
673 1577 845 1613 Christiani
869 1588 1043 1611 renuerunt
1068 1577 1203 1623 paclum
1231 1576 1266 1610 &
1287 1575 1432 1610 fecerunt

400 1632 520 1667 cochas
548 1645 671 1666 armare
693 1632 727 1665 δε
749 1630 903 1665 miserunt
917 1642 1075 1677 precones
1101 1642 1160 1677 per
1185 1641 1291 1664 totum
1313 1629 1431 1663 exerci-

399 1698 469 1720 tum
493 1687 528 1720 &
553 1683 796 1726 ordinaverunt,
829 1683 966 1730 qualiter
991 1695 1120 1731 poterat
1143 1683 1217 1730 capi
1249 1682 1371 1727 civitas,
1396 1683 1432 1716 δε

399 1738 574 1774 diviserunt
597 1750 702 1772 totam
728 1749 862 1785 gentem
881 1738 915 1771 δε
933 1748 1150 1784 preceperunt
1168 1735 1253 1771 bene
1270 1734 1431 1770 custodire

397 1790 491 1827 lofias
510 1793 545 1826 δε
567 1790 770 1834 carbonaria,
789 1790 973 1834 statuenteS‚
1002 1790 1058 1837 qui
1084 1789 1173 1837 prius
1196 1802 1215 1824 a
1233 1787 1430 1823 carbonariis

399 1843 587 1889 discederet,
608 1842 819 1891 suspendatur
835 1843 869 1877 in
887 1841 1012 1884 eculeo,
1039 1841 1197 1877 secundus
1218 1854 1310 1887 vero,
1333 1840 1355 1876 si
1372 1842 1431 1876 erit

398 1968 459 1994 alios
474 1967 636 1994 sumerserunt
652 1967 676 1992 δι
691 1966 882 1992 innumerabiles
897 1966 1087 1992 vulneraverunt
1108 1967 1132 1992 δι
1152 1965 1243 1991 multos
1262 1965 1336 1991 morti
1354 1965 1431 1991 tradi-

398 2009 488 2034 derunt
501 2009 524 2033 &
538 2008 595 2033 Ixxx
608 2007 639 2033 de
658 2007 692 2032 eis
708 2013 834 2041 ceperunt.
854 2007 927 2032 Unde
946 2016 976 2032 ea
994 2006 1034 2032 die
1050 2006 1146 2040 Pagani
1164 2006 1236 2031 valde
1256 2005 1311 2031 sunt
1328 2012 1430 2032 contur-

399 2049 460 2080 bati,
479 2047 611 2074 Christiani
626 2056 684 2073 vero
703 2047 799 2081 ingenti
820 2046 914 2081 gaudio
935 2047 988 2072 sunt
1008 2046 1093 2080 gavifi.
1115 2046 1280 2073 Gaudeamus
1298 2055 1386 2072 omnes
1405 2046 1428 2072 δι

398 2089 502 2114 letemur
517 2088 541 2113 in
554 2087 666 2113 Domino
679 2087 703 2113 δι
715 2087 818 2112 cottidie
830 2086 924 2120 gratias
939 2087 960 2112 ei
973 2086 1108 2113 referamus
1119 2088 1125 2115 Ι
1444 2095 1471 2121 P.
1483 2093 1499 2117 f.
1512 2100 1554 2127 115
1567 2095 1597 2118 Α.

437 2138 446 2157 1
465 2129 501 2155 M.
515 2129 574 2154 add.
589 2127 724 2157 omnia‚—
741 2137 755 2154 2
771 2127 809 2153 M.
826 2128 886 2153 add.
902 2127 934 2155 &.
1612 2123 1615 2127 '
