1624 2788
356 246 396 285 52
804 246 932 273 GESTA

257 373 315 398 ηις
351 356 603 402 revertebantur,
633 357 714 393 ustus
744 358 779 393 &
815 357 880 393 tela
908 357 1129 393 sustinuerunt.
1174 358 1384 394 inimicorum

353 409 503 446 manibus
515 411 603 458 capti
615 410 689 446 sunt
702 411 736 446 in
748 410 802 446 illa
817 410 1003 446 defensione
1016 411 1251 447 christianitatis
1264 412 1383 448 elestus

352 463 551 500 Beluacenfis
575 465 610 499 ὅς
633 464 730 500 frater
751 465 829 509 eius,
857 465 1049 500 camerarius
1074 465 1158 513 regis
1183 466 1324 510 Francie,
1349 467 1385 502 ὅ(

352 517 433 553 filius
452 518 532 562 eius,
553 517 649 553 frater
668 517 912 567 Andegavensrs
928 518 1074 566 episcopi
1095 531 1172 553 cum
1188 517 1330 555 Iohanne
1343 518 1385 555 de

353 572 441 617 Arci,
470 572 541 607 viro
566 570 669 607 nobili
693 573 728 607 &
749 571 971 617 strenuissimo,
997 572 1158 606 Henricus
1175 571 1217 607 de
1236 572 1335 608 Ulma
1351 573 1386 608 &

353 625 405 670 alij
433 625 537 670 multi,
566 626 623 673 qui
645 624 794 660 trucidati
819 626 891 660 sunt
916 626 951 660 &
976 625 1010 659 in
1035 626 1260 673 captivitatem
1286 624 1385 662 duc‘li.
1398 635 1434 665 B„
1445 641 1593 666 p.237,e.1.

352 678 530 726 Templarij
557 679 687 728 triginta
713 691 774 714 tres
791 679 879 727 capti
900 678 952 714 vel
969 678 1065 713 occisi
1083 679 1156 713 sunt
1173 691 1250 714 cum
1268 680 1386 715 mares-

353 732 446 767 calco
470 732 637 780 hospitalis
662 733 771 768 Sanffl
790 732 940 767 Iohannis
962 733 997 767 &
1024 731 1219 779 quibusdam
1237 731 1387 768 fratribus

354 785 498 821 eiusdem
518 786 648 831 domus,
666 799 727 821 nec
745 784 842 822 evasit
859 784 923 820 fine
940 784 1066 820 damno
1085 785 1204 821 domus
1218 793 1227 808 ¹
1241 785 1387 822 Theuto-

353 840 514 875 nieorum.
528 839 649 875 Milicia
658 839 783 887 templi,
794 852 857 886 que
869 839 975 886 prima
988 839 1070 874 solet
1081 837 1145 874 effe
1158 839 1192 874 in
1203 838 1387 888 congressu,

353 894 468 930 ultima
480 893 594 928 exstitit
608 893 642 928 in
652 891 804 941 regressu,
823 892 911 928 unde
925 904 1001 927 cum
1014 891 1057 927 ad
1074 891 1229 928 fossatum
1242 893 1389 928 nostrum

353 946 468 982 ultima
481 945 620 991 redisset,
635 946 711 980 foris
725 945 869 990 substitit,
887 958 923 980 ut
937 946 1120 990 exteriores,
1139 957 1300 993 quantum
1314 947 1389 994 pos-

353 999 440 1035 fibile
457 1000 554 1045 foret,
576 1001 660 1035 intra
678 1000 787 1034 menia
808 999 916 1034 nostra
927 1005 941 1021 2
960 997 1149 1044 reduceret3
1167 999 1388 1047 persecutores

354 1053 488 1089 tandem
500 1052 542 1088 ad
553 1054 701 1101 captivos
713 1052 919 1088 reducendos
929 1053 963 1087 &
976 1051 1164 1101 colligenda
1172 1052 1277 1100 spolia
1285 1052 1388 1089 redie-

354 1119 439 1152 runt,
455 1106 533 1142 ficut
555 1106 769 1154 postmodum
787 1106 1002 1141 intelleximus
1024 1113 1067 1141 ³a
1084 1107 1275 1151 Sarraceno,
1294 1107 1389 1154 quin-

355 1161 512 1210 quaginta
521 1161 769 1195 christianorum
777 1161 885 1208 capita
893 1159 1032 1195 soldano
1042 1161 1271 1208 presentantes.
1281 1160 1398 1195 Meror.

354 1215 480 1250 nostros
487 1215 672 1263 occupavit,
684 1213 738 1249 sed
747 1214 835 1250 nulla
841 1213 1045 1262 desperacio3
1055 1213 1211 1250 habemus
1217 1227 1279 1263 pro
1286 1226 1387 1258 certo,

355 1268 447 1316 quod
464 1280 550 1316 pena
562 1268 691 1316 peccati
705 1267 764 1303 fuit
781 1267 842 1303 hec
855 1267 1027 1316 castigacio
1041 1269 1075 1302 δε
1090 1268 1199 1303 minor
1212 1280 1280 1303 erat
1291 1281 1389 1316 pena,
1403 1276 1500 1307 v.,f.n
1509 1281 1597 1306 νομικ-

355 1335 455 1370 quam
475 1323 616 1370 exigeret
634 1321 739 1369 culpa.

403 1376 543 1411 Constat
566 1387 676 1410 autem
703 1373 809 1420 nobis,
840 1374 932 1422 quod
954 1375 988 1410 in
1014 1375 1171 1423 precipua
1193 1375 1248 1410 sua
1269 1375 1390 1410 milicia

354 1429 501 1465 lud‘tuosa
534 1429 656 1464 damna
685 1428 897 1463 sustinuerunt
925 1428 1093 1473 increduli,
1128 1442 1207 1464 nam
1236 1428 1388 1464 soldanus

356 1496 459 1518 unum
476 1483 517 1519 de
533 1483 635 1531 captis
649 1483 762 1518 nostris
778 1483 908 1518 mittens
927 1481 968 1517 de
985 1495 1068 1530 pace
1080 1482 1133 1518 vel
1150 1495 1265 1531 treuga
1281 1481 1390 1518 nobis-

356 1550 433 1573 cum
451 1540 588 1573 tratstare
605 1537 702 1584 cepit,
721 1537 756 1571 in
780 1548 848 1584 quo
867 1538 1003 1571 trac'mtu
1021 1534 1174 1571 foffatum
1191 1536 1337 1571 nostrum
1356 1537 1391 1571 &

356 1591 561 1626 municiones
591 1590 667 1626 alias
697 1589 843 1625 alacriter
871 1590 1099 1638 reparavimus.
1132 1592 1253 1625 [nterea
1281 1602 1390 1636 naute,

356 1645 590 1680 christianitatis
608 1643 803 1691 proditores,
829 1644 864 1678 &
881 1655 956 1678 cum
974 1643 1017 1678 eis
1034 1643 1197 1691 peregrini
1214 1643 1345 1691 plurimi
1359 1644 1391 1679 se

355 1699 442 1747 ipsos
458 1698 563 1747 magis
581 1709 738 1741 amantes,
758 1710 858 1745 quam
878 1695 1026 1732 fratribus
1044 1697 1298 1745 compacientes,
1316 1709 1391 1733 ante

355 1764 485 1800 tempus
520 1752 666 1787 consueti
694 1750 829 1800 paffagij
860 1751 1023 1799 agonistas
1054 1751 1174 1786 Christi
1202 1751 1236 1786 in
1261 1751 1390 1786 summo

356 1805 501 1854 periculo
517 1805 714 1852 reliquerunt
731 1807 775 1850 &,
803 1805 932 1841 elevatis
957 1804 1034 1841 velis
1057 1804 1148 1840 adito
1167 1817 1275 1853 portu,
1293 1802 1389 1839 nobis

354 1860 544 1905 mesticiam,
562 1858 747 1905 Babyloniis
764 1858 937 1894 audaciam
958 1859 1177 1903 contulerunt,
1204 1859 1260 1906 qui
1274 1859 1389 1893 tracsta-

232 1937 293 1966 sm,
305 1936 341 1959 2⁶·
355 1925 426 1948 tum
443 1914 532 1961 pacis
549 1913 796 1948 intermittentes
820 1913 854 1947 in
877 1912 988 1960 vigilia
1003 1913 1197 1947 Sanstorum
1214 1912 1337 1947 Cosme
1354 1913 1389 1947 &

232 1967 343 1998 δεμ-’ἰ
357 1967 512 2003 Damiani
528 1968 563 2002 &
586 1967 732 2014 sequenti
754 1964 816 2010 die,
842 1966 994 2014 proximo
1023 1966 1128 2001 eciam
1156 1964 1291 2001 sabbato
1311 1977 1388 2000 cum
1401 1976 1533 2008 1³.,p.237,
1547 1984 1598 2001 ω.

357 2021 456 2070 galeis
473 2022 508 2055 &
525 2019 668 2056 barbotis
694 2033 751 2068 per
779 2018 913 2065 flumen,
939 2032 998 2068 per
1033 2032 1151 2055 terram
1175 2030 1285 2055 autem
1311 2031 1388 2055 cum

397 2147 406 2166 ι
424 2138 452 2166 V.
466 2136 591 2165 dominus.
606 2152 639 2155 —
653 2146 667 2164 π
683 2137 711 2165 V.
727 2136 844 2165 nostram.
859 2151 894 2155 —
909 2144 922 2170 3
939 2134 1074 2171 V.supplet
1083 2136 1118 2163 δε.
