1624 2788
528 248 734 274 0B81D10N18
754 247 951 274 DAMIATE.
1201 248 1245 287 93

225 358 370 393 Crucem
378 356 532 392 accedere
554 355 720 402 deberent,
733 364 743 379 ¹
770 369 805 392 ut
820 357 884 400 ille,
904 357 960 404 qui
976 358 1010 392 in
1025 370 1063 392 ea
1080 356 1248 405 pependit,
1266 375 1329 399 ηις.

225 411 411 447 Christianis
431 410 582 446 auxilium
603 411 638 445 &
654 411 806 446 iuvamen
826 410 902 445 dare
920 409 1066 454 deberet,
1086 422 1122 445 ut
1139 411 1250 446 civita-

226 477 293 500 tem
314 464 468 500 velociter
489 476 604 511 capere
625 462 763 511 poffent.
776 471 790 486 ²
809 463 928 498 Tunc³
950 463 1113 511 principes
1130 462 1251 498 habue-

225 529 298 552 runt
317 516 495 563 confilium,
522 517 613 564 quod
640 530 709 552 non
732 528 799 552 erat
823 516 951 551 bonurn
971 516 1109 564 prelium
1137 516 1251 562 facere,

227 572 302 618 quia
326 569 500 619 oportebat
525 583 711 618 expugnare
735 571 900 606 civitatem
927 571 961 604 &
987 569 1162 604 defendere
1189 570 1252 604 fos—

226 624 340 668 satum,
358 624 433 671 quia
449 637 511 672 pro
529 636 596 659 uno
616 623 800 659 Christiano
819 624 1055 671 quinquaginta
1076 623 1252 668 Sarraceni‚

225 678 260 712 &
276 675 318 712 fic
335 677 563 712 remanserunt.

274 730 374 766 ΧΧΧ.
398 732 476 765 {tem
493 730 646 765 dominus
673 730 796 778 legatus
823 730 899 764 fecit
924 743 1049 764 armare
1075 742 1191 764 omnes
1219 730 1253 764 in

72 795 106 818 M.
122 795 213 824 t648.
226 782 372 828 navibus,
403 784 437 819 in
465 783 602 818 cochis4
617 784 651 817 &
680 783 781 831 galeis
813 784 847 817 ὅ(
876 782 1000 817 barchis
1021 784 1055 817 δε
1081 782 1142 817 alia
1164 782 1254 830 ligna

226 836 269 872 ad
294 837 456 872 civitatem
484 835 682 884 capiendam
703 837 1016 884 appropinquantes.
1042 837 1180 870 Primam
1205 849 1253 870 ar-

226 901 395 925 maverunt
413 889 524 933 Pisani,
547 888 723 924 secundam
749 901 954 925 armaverunt
984 889 1161 933 lanuenses,
1191 900 1252 924 ter—

225 942 306 977 tiam
333 943 516 987 Venetiani,
545 955 694 991 quartam
724 942 878 977 dominus
903 942 1040 990 legatus,
1065 943 1099 976 &
1126 942 1254 976 fuerunt

225 1008 347 1031 armate
364 998 483 1032 ostavo
502 996 555 1032 die
573 998 712 1032 intrante
740 996 829 1040 lulio,
860 995 902 1030 de
917 994 1013 1030 bonis
1043 994 1217 1043 peditibus,
1239 1002 1251 1025 5
1265 1000 1308 1023 tul.
1320 1000 1341 1023 8·

226 1049 395 1085 balestariis
412 1051 447 1085 &
463 1050 613 1085 archeriis
641 1050 724 1085 ferro
745 1049 827 1085 bene
851 1049 1014 1096 coopertis
1030 1050 1065 1083 ὃ(
1084 1049 1118 1082 in
1137 1061 1253 1083 aurora

226 1101 291 1138 diei
316 1102 436 1138 dire&
466 1104 538 1138 sunt
571 1103 653 1138 scale
683 1104 768 1138 circa
802 1103 910 1137 menia
940 1103 1088 1146 civitatis,
1119 1103 1153 1136 &
1184 1113 1254 1136 tota

226 1155 279 1191 die
303 1169 571 1204 expugnaverunt
598 1170 674 1191 cum
693 1156 762 1191 illis.
791 1157 910 1204 Pagani
932 1168 1009 1191 vero
1034 1157 1069 1190 ὅ(
1090 1155 1254 1190 Sarraceni

226 1222 302 1244 cum
324 1208 485 1244 trabucbis
508 1212 542 1245 &
563 1209 716 1258 prederiis
747 1209 871 1244 fortiter
895 1220 1124 1257 oppugnantes
1141 1209 1255 1256 ignem

227 1263 262 1297 δε
278 1262 463 1310 sulphurem
489 1264 661 1298 accensum
686 1264 780 1311 super
799 1275 853 1297 eas
880 1262 978 1297 scalas
1000 1262 1206 1309 proiecerunt
1222 1263 1256 1296 &

226 1327 354 1363 partem
380 1329 491 1351 earum
522 1314 774 1351 combusserunt.
806 1316 1035 1364 prospicientes
1058 1315 1118 1350 hec
1147 1314 1255 1350 Chris-

7 1406 12 1416 ,
62 1382 213 1406 P.f.112A.
227 1368 316 1414 ciani,
346 1382 454 1404 amare
479 1368 554 1405 flere
571 1371 605 1405 &
622 1382 740 1405 terram
763 1370 899 1405 osculari
919 1382 1084 1417 ceperunt,
1098 1370 1111 1391 ⁶
1132 1381 1256 1404 nomen

228 1436 362 1471 quoque
382 1424 520 1458 Domini
545 1423 642 1458 nostri
668 1423 754 1458 ihesu
782 1423 898 1459 Christi
920 1423 1075 1458 Crucifixi
1100 1424 1256 1458 invocan-

228 1491 286 1523 tes,
305 1478 447 1513 levantes
459 1483 472 1506 7
488 1490 604 1512 manus
622 1490 705 1512 voce
726 1490 846 1526 magna
859 1478 871 1499 ⁸
884 1475 1050 1512 dicebant:
1070 1479 1099 1512 0
1113 1480 1254 1524 Domine,

227 1533 314 1577 Ilzqsu
342 1532 467 1576 Chr-We,
497 1533 549 1576 qui
581 1531 710 1576 liberasti
723 1525 801 1566 'tres
826 1545 938 1577 pueros
966 1534 1133 1573 οΑηαιιίαηι,
1170 1533 1256 1576 olza-

228 1587 318 1629 riam,
350 1586 523 1632 Wisailem
549 1586 586 1620 de
611 1589 728 1620 camino
757 1588 840 1631 ignis
866 1587 1001 1619 ardent1's
1028 1584 1058 1618 ὃν
1085 1587 1187 1618 Ionam
1220 1586 1256 1619 de

228 1651 327 1673 ventre
351 1642 419 1680 ceri,
448 1639 544 1673 libera
561 1641 670 1686 servos
697 1639 779 1673 Tuos
796 1640 832 1672 de
856 1642 937 1673 omni
954 1639 1033 1672 malo
1052 1638 1109 1671 &9
1115 1639 1255 1683 periculo

231 1695 423 1739 Paganorum
444 1692 475 1726 ἂ
491 1694 731 1735 Χανναεεηονιιιη,
744 1698 772 1714 ¹0
791 1705 822 1726 ut
838 1695 892 1738 ipfi
912 1695 1034 1738 Pagam’
1052 1705 1109 1725 non
1127 1692 1256 1725 exultent

267 1784 276 1800 1
301 1776 338 1801 M.
353 1784 455 1808 pergere
465 1775 579 1800 debeant,
605 1789 630 1792 —
650 1786 663 1801 2
682 1775 719 1800 M.
736 1775 830 1809 poffint.
854 1790 887 1794 —
907 1784 918 1805 3
943 1775 967 1800 P.
982 1774 1068 1800 omittit
1081 1774 1207 1807 fiquentia
1224 1775 1256 1799 ab

229 1814 286 1840 hinc
305 1814 377 1848 usque
394 1816 431 1840 ad
442 1815 554 1846 navibus,
573 1815 607 1840 in.
627 1830 662 1834 —
678 1825 695 1846 4
715 1816 740 1840 P.
756 1815 830 1840 habet
842 1815 892 1848 post
910 1823 1000 1848 cupere
1016 1813 1112 1848 poffent
1119 1814 1257 1847 sequentem

229 1860 336 1880 textum.-
351 1854 398 1880 His
412 1854 497 1888 itaque
510 1854 593 1888 gestis,
609 1854 724 1880 dominus
738 1854 834 1888 legatus
848 1854 966 1888 precepit,
987 1860 1013 1879 ut
1029 1863 1115 1879 omnes
1133 1853 1209 1879 effent
1225 1852 1257 1878 ad

230 1892 356 1919 civitatem
370 1895 563 1929 expugnandam
578 1894 708 1928 preparati.
732 1895 761 1919 In
779 1895 869 1920 ostavo
881 1903 940 1919 vero
954 1894 994 1919 die
1010 1893 1097 1919 mensus
1112 1893 1166 1926 Inlij
1180 1892 1258 1918 coche
1272 1893 1313 1916 Iul.
1326 1893 1347 1915 8.

230 1935 254 1960 Bc
266 1934 338 1968 galee
350 1936 374 1960 &
388 1934 479 1960 barche
492 1936 515 1960 δι
529 1934 575 1960 alia
587 1934 663 1968 ligna,
680 1934 712 1960 ad
725 1934 850 1960 civitatem
864 1934 1101 1968 appropinquantes,
1116 1942 1158 1967 per
1178 1939 1257 1958 totam

229 1974 295 2001 diem
308 1979 522 2009 expugnaverunt.
545 1974 641 2008 Pagani
653 1983 712 2000 vero
729 1975 753 2000 aa
771 1974 906 2008 sarraceni,
928 1974 951 2000 se
970 1973 1071 2000 firmiter
1090 1973 1260 2004 defendentes,

231 2017 300 2050 super
313 2015 398 2047 scalas,
417 2023 466 2049 que
486 2014 510 2040 in
531 2014 585 2048 ipfis
602 2015 686 2040 cuchis
700 2015 723 2040 δι
737 2014 814 2049 galeis
827 2016 851 2040 δι
868 2014 964 2040 barchis
982 2020 1060 2046 erant,
1079 2014 1163 2047 ignem
1176 2014 1199 2039 &
1213 2013 1259 2038 sul-

231 2055 310 2082 furem
331 2055 460 2081 accensum
481 2054 637 2089 proiecerunt
655 2055 678 2080 δε
696 2060 791 2089 partem
810 2063 895 2080 earum
914 2053 1108 2080 combusserunt.
1132 2069 1163 2072 —
1187 2063 1198 2086 5
1219 2054 1256 2078 M.

210 2121 217 2134 ἱ
231 2095 344 2130 pedibus.
365 2109 397 2114 —
415 2097 430 2120 6
443 2095 469 2120 P.
488 2096 521 2120 δε.
537 2110 571 2114 -
585 2103 599 2124 7
618 2096 655 2120 M.
669 2104 713 2120 om.
734 2104 828 2119 manus.
850 2110 881 2114 —
903 2098 916 2119 8
935 2096 959 2120 P.
975 2095 1055 2119 levata
1070 2103 1140 2126 voce,
1153 2094 1259 2119 omittens

231 2134 340 2162 levantes
356 2145 451 2162 manus.
470 2151 503 2154 —
517 2144 531 2168 9
547 2136 574 2161 P.
589 2144 634 2162 om.
649 2150 684 2154 —
699 2144 730 2160 10
744 2135 770 2161 P.
785 2143 830 2161 om.
846 2135 911 2169 Pag.
926 2135 950 2160 δι
964 2136 1028 2159 Sarr.
