1624 2788
373 259 420 306 98
830 265 958 295 GESTA

302 394 359 417 1219
373 390 418 412 tes
432 384 441 400 ¹
457 377 642 421 Christiani,
661 376 752 425 quod
771 377 901 412 fortuna
918 375 1087 412 invidebat
1103 377 1160 421 eis,
1177 374 1266 423 quafi
1285 377 1406 412 mortui

374 432 521 478 prostrati
545 432 578 465 in
605 443 722 466 terram
745 432 780 465 &
804 430 939 466 flumine
960 431 1202 476 lachrymarum
1227 443 1297 466 non
1327 429 1406 466 defi-

372 486 492 520 cientes
518 483 706 520 clamabant
731 483 894 519 dicentes:
930 487 1060 519 Domine
1085 486 1170 531 Ihesu
1196 486 1324 530 Christe,
1355 498 1406 519 rex

370 540 481 585 glorie,
496 542 549 584 qui
561 552 593 572 es
600 551 709 585 potens
722 541 754 573 in
768 540 912 583 omnibus,
928 540 1038 573 adiuva
1043 540 1152 584 servos
1169 537 1250 574 Tuos
1264 538 1295 573 6·
1309 539 1405 573 libera

369 606 424 626 nos
441 594 476 626 ab
494 593 552 626 illa
563 594 687 637 flamma
700 599 714 614 2
734 592 764 626 δ’
791 607 808 626 α
827 594 962 626 manibus
980 595 1149 637 iniquorum
1173 594 1404 627 Sarracenorum
1419 600 1445 623 P.
1456 599 1472 623 f.
1483 600 1568 624 1121).

363 660 421 692 per
445 647 539 680 Tuam
555 646 771 692 sanc‘lzffimam
795 649 944 688 virtutem,
968 658 1085 680 creator
1108 647 1168 680 celi
1189 646 1220 680 δ’
1240 658 1328 689 terre,
1353 649 1405 691 qui

369 702 444 734 vivit
463 699 493 733 ὃ·
511 712 617 746 regnat
636 702 666 733 in
675 700 781 746 secula
797 700 996 746 seculorum!
1014 702 1124 734 cAmen.
1150 702 1283 734 ‘Domine
1295 706 1307 729 3
1319 701 1405 746 Ihqsu

374 755 500 798 Christe,
527 756 579 798 qui
590 766 650 798 pro
668 754 752 787 nobis
769 755 926 787 humanam
946 766 1063 787 carnem
1081 754 1264 799 “ffumPfisti2
1282 765 1406 787 mortem

372 807 402 841 6²
414 807 577 854 paffionem
594 808 770 852 subtinuisii
789 807 819 840 δ’
844 808 894 841 die
918 809 1008 840 tertia
1028 808 1213 853 resurrexisti
1238 807 1269 840 δ’
1288 809 1356 853 pqft
1373 807 1406 840 xl

370 863 437 895 dies
454 862 548 895 celum
573 861 740 906 ascendisti,
763 874 798 895 ne
818 862 966 907 respicias
987 863 1027 895 ad
1038 874 1165 908 peccata
1187 861 1217 894 δ’
1236 861 1405 907 adscelera

373 918 482 960 nostra,
491 916 551 960 sed
570 915 699 958 attende,
719 927 778 959 pro
796 927 852 959 quo
872 916 920 947 hic
929 915 1038 960 sumus
1061 917 1247 961 congregati.
1276 915 1404 948 cAdiuva

373 981 438 1011 nos,
465 969 590 1013 Christe,
614 970 686 1012 quia
689 971 769 1014 ficut
774 967 880 1014 palme
894 968 999 1013 perse
1019 981 1077 1002 non
1089 968 1405 1013 poffimtferrefruc-

369 1034 442 1066 tum,
469 1024 524 1067 nisi
541 1022 706 1067 manserint
723 1024 752 1055 in
768 1024 829 1055 vite
847 1019 988 1064 (loann.‚
1007 1030 1070 1065 XV,
1087 1023 1139 1068 4),
1165 1023 1209 1055 ita
1222 1034 1276 1055 nos
1297 1022 1406 1068 absque

370 1078 435 1109 ‘Dei
453 1075 569 1109 auxilio
587 1087 699 1108 certare
712 1077 877 1119 nequimus,
900 1074 931 1108 ἃ
943 1077 1014 1119 quia
1029 1078 1108 1121 ficut
1129 1088 1198 1109 aves
1223 1077 1299 1109 inter
1317 1075 1405 1121 lupos

367 1132 426 1173 sine
439 1132 555 1175 pastore
570 1129 799 1174 contremiscunt
814 1126 873 1171 (cf.
891 1129 1014 1171 loann.,
1027 1137 1064 1172 X,
1086 1130 1155 1174 12),
1173 1131 1216 1163 ita
1228 1141 1282 1163 nos
1294 1143 1312 1163 a
1326 1130 1404 1163 ‘rur-

369 1184 411 1216 cis
431 1184 600 1216 conturbati
612 1186 678 1230 fine
701 1185 792 1227 vestro
812 1183 967 1216 adiutorio
996 1195 1048 1216 eos
1069 1183 1208 1227 infestare
1233 1195 1292 1216 non
1300 1183 1405 1229 poffu-

368 1249 443 1270 mus.
476 1235 582 1270 Finitis
606 1234 771 1280 omnibus,
789 1242 805 1264 4
826 1235 992 1270 Ianuenses
1016 1235 1132 1270 virtute
1155 1235 1295 1271 Domini
1305 1235 1404 1270 nostri
1417 1245 1451 1268 M.
1464 1244 1519 1276 f-65
1532 1245 1564 1268 A.

370 1288 458 1323 lhesu
478 1288 596 1324 Christi
615 1288 771 1325 crucifixi
789 1302 808 1324 a
824 1287 971 1337 prediRa
986 1300 1072 1324 turre
1089 1287 1295 1337 indempnes,
1314 1289 1404 1324 scalis

370 1342 435 1378 fere
446 1341 599 1377 omnibus
614 1342 740 1387 reliffls,
757 1341 948 1378 secefferunt
961 1343 1006 1387 &‚
1021 1341 1103 1377 dum
1113 1342 1175 1377 hec
1182 1354 1367 1391 agerentur,
1380 1348 1392 1372 5

370 1396 491 1444 Pagani
507 1397 541 1431 &
558 1397 725 1431 Sarraceni
740 1409 817 1431 cum
834 1396 935 1444 galeis
953 1397 987 1430 &
1004 1394 1131 1431 barchis
1145 1409 1203 1444 per
1218 1394 1343 1431 flumen
1360 1394 1404 1431 ad

369 1461 509 1497 pontem
520 1451 533 1473 ⁶
550 1449 811 1485 Christianorum
829 1448 1088 1498 expugnandum
1105 1461 1274 1495 venerunt,
1305 1462 1405 1497 quem

371 1502 436 1537 due
466 1502 560 1552 galee
586 1503 845 1539 Christianorum
872 1502 1109 1548 custodiebant,
1140 1516 1240 1539 unam
1266 1515 1405 1551 quarum

370 1556 491 1604 Pagani
518 1555 775 1600 combufferunr,
796 1564 810 1585 7
830 1557 930 1592 altera
957 1556 1081 1592 fortiter
1105 1569 1182 1592 cum
1206 1555 1280 1604 ipfis
1304 1569 1405 1605 expu-

371 1611 486 1658 gnavit
502 1611 537 1644 &
554 1623 631 1645 cum
645 1610 714 1646 aliis
736 1611 820 1656 viris,
840 1611 896 1658 qui
906 1609 949 1645 ad
962 1609 1216 1645 succurrendum
1229 1623 1302 1646 eam
1315 1610 1404 1646 velo-

369 1664 447 1698 citer
469 1676 630 1699 venerunt
642 1664 748 1712 ipsam
772 1675 911 1711 pontem
929 1662 1155 1699 defenderunt.
1174 1663 1403 1712 prospicientes

369 1717 555 1762 Christiani,
579 1717 671 1764 quod
685 1717 818 1754 fortuna
835 1717 879 1752 eis
896 1715 975 1752 effet
988 1716 1131 1762 adversa,
1145 1715 1312 1753 dicebant:
1335 1712 1401 1752 Do·

368 1775 447 1806 mine
471 1773 557 1818 Ilzesu
577 1773 703 1816 Christe,
730 1784 845 1806 creator
863 1772 921 1805 celi
938 1771 969 1805 δ’
985 1784 1073 1815 terre,
1098 1774 1149 1805 cui
1167 1774 1267 1806 omnia
1284 1771 1402 1815 celestia

369 1825 400 1859 δ’
417 1827 567 1870 terrestria
578 1825 798 1870 subiiciuntur,
823 1828 875 1869 qui
891 1838 951 1870 pro
972 1826 1056 1858 nobis
1074 1825 1110 1858 de
1120 1827 1264 1871 potestate
1285 1823 1403 1858 diaboli

367 1879 553 1912 redimendis
572 1881 602 1912 in
622 1879 759 1912 mundum
778 1880 894 1923 venisti,
912 1891 947 1912 ne
967 1879 1114 1924 respicias
1126 1877 1138 1899 ⁸
1153 1890 1278 1924 peccata
1295 1880 1401 1923 nostra,

407 2009 415 2024 1
435 2001 460 2026 P.
471 2009 514 2026 om.
522 1999 685 2033 sententiam.-
701 2001 839 2026 Cernentes
855 2019 860 2025 .
873 2019 878 2025 .
892 2019 897 2025 .
910 1999 1063 2031 clamabant,
1077 1999 1171 2033 legens.-
1186 1999 1304 2025 Videntes
1316 1998 1402 2033 itaque

369 2039 501 2066 Christiani
519 2040 590 2065 valde
613 2040 753 2074 plorabant.
776 2054 808 2059 ——
825 2050 840 2065 2
859 2040 884 2065 Ρ.
909 2049 953 2066 om.
978 2054 1012 2058 —
1036 2048 1048 2071 3
1072 2040 1098 2065 P.
1125 2048 1168 2065 om.
1194 2039 1306 2065 Domine
1328 2038 1402 2073 usque

368 2088 418 2105 non
432 2079 568 2114 poss‘umuS.
590 2095 626 2099 —
644 2089 661 2111 4
678 2080 705 2105 P.
725 2081 783 2109 Qua
803 2079 917 2105 oratione
934 2079 1008 2107 fabb-
1027 2094 1062 2098 --
1080 2088 1092 2111 5
1112 2080 1137 2104 P.
1155 2084 1283 2113 geruntur.
1299 2093 1331 2099 —-
1345 2081 1361 2104 6
1374 2079 1400 2104 P.

367 2119 460 2146 flumen
476 2128 519 2154 per
535 2125 682 2154 pontem
694 2125 867 2154 pervenerunt.
881 2134 916 2138 —
930 2127 944 2150 7
958 2120 998 2145 M.
1013 2119 1211 2151 combuxerunt5
1226 2119 1252 2144 Ρ.
1268 2119 1400 2147 comburg-

368 2165 432 2184 runt.
447 2175 481 2178 —
496 2162 508 2184 8
526 2160 551 2184 P.
567 2159 678 2193 espicias.
