1624 2788
390 251 455 276 120
727 248 920 275 IOHANNES
945 249 995 274 DE
1021 248 1169 274 TULBIA

312 369 370 392 ωε
382 359 478 394 minis
496 359 567 394 fore
584 358 762 394 dinoscitur
779 357 943 394 fabricata.
963 360 997 393 In
1009 357 1071 392 hac
1084 355 1243 404 siquidem
1259 357 1335 392 turri
1347 368 1408 392 tre-

383 413 469 447 centi
483 419 492 434 ¹
506 411 586 447 boni
601 411 716 446 milites
729 413 764 446 ὅ(
774 410 883 446 baliste
898 423 988 446 erant
1001 410 1164 445 constituti
1177 408 1218 444 ad
1229 408 1407 445 defenden-

382 463 472 508 dum,
491 466 526 500 &
539 464 674 512 quidam
687 465 899 509 ammirarius,
917 464 1178 512 consanguineus
1192 461 1329 507 soldani,
1341 474 1408 498 erat

380 515 434 553 ibi.
455 518 656 565 Capitaneus
678 517 804 553 soldani
826 531 893 553 erat
913 518 998 552 intus
1018 516 1074 561 ibi,
1096 518 1130 551 &
1149 515 1299 551 viaualia
1317 528 1408 551 erant

379 571 465 606 intus
479 571 674 607 sufficiencia
688 571 730 606 ad
743 584 845 606 unum
859 584 992 606 annum.
1008 571 1094 605 Huic
1108 570 1186 604 turri
1198 581 1261 604 tres
1270 569 1407 604 cathene

379 637 471 659 erant
497 624 594 660 infixe
622 627 656 660 &
683 637 775 660 erant
804 624 927 661 elevate
958 623 1001 659 ad
1030 636 1160 658 murum
1186 619 1334 667 civitatis,
1361 623 1406 657 ita

379 677 471 724 quod
498 678 586 713 nulla
611 678 702 713 navis
727 690 784 725 per
808 676 930 712 flumen
956 676 1128 712 ascendere
1146 689 1284 724 poterat,
1311 677 1346 710 &
1365 675 1406 711 sic

378 729 558 778 nequibant
587 731 707 767 civitati
733 731 1011 778 appropinquare.
1042 731 1136 765 Tunc
1161 730 1406 765 construxerunt

290 796 333 819 lul.
346 784 496 830 1.scalas;
521 785 554 819 in
582 785 688 832 prima
713 783 764 819 die
784 783 848 828 lulij
868 782 1063 818 credidimus
1085 796 1201 831 capere
1219 784 1343 828 turrim,
1361 783 1406 818 set

377 837 462 872 scale
477 845 491 860 2
512 851 612 885 quam
636 838 701 873 cito
727 838 799 872 sunt
828 838 905 871 turri
929 835 1086 885 apposite,
1115 837 1214 872 fraste
1239 837 1321 882 sunt,
1338 844 1350 867 ³
1371 838 1405 871 &

378 890 551 938 plusquam
568 903 587 925 c
604 889 686 925 boni
711 890 827 925 milites
844 891 879 924 δε
894 903 998 938 nepos
1016 888 1106 924 ducis
1124 890 1246 924 Austrie
1266 890 1299 924 in
1318 903 1405 937 aqua

378 942 528 978 submerfi
546 944 626 979 sunt.

428 993 479 1027 lV.
506 993 597 1027 facta
620 1005 731 1027 autem
748 993 810 1027 alia
828 993 912 1027 scala
935 1006 953 1027 a
967 991 1144 1027 frisonibus
1160 993 1193 1026 in
1218 992 1297 1027 festo
1316 993 1405 1028 Beati
1418 1005 1433 1030 f.
1445 1014 1482 1038 29.

257 1039 598 1092 Aug,24,Bartholomei
627 1045 730 1094 posita
756 1046 800 1081 est
825 1045 869 1081 acl
895 1046 1017 1091 turrim,
1045 1047 1079 1080 &
1106 1046 1229 1094 pagani
1258 1046 1404 1093 proiece-

378 1112 451 1134 runt
476 1100 590 1147 ignem
615 1099 784 1135 silvestrem
816 1100 909 1147 super
934 1099 1023 1134 illam
1048 1101 1082 1134 &
1111 1111 1178 1134 tam
1206 1097 1332 1134 fortiter
1361 1100 1405 1135 est

377 1153 541 1196 accensu5‚
570 1152 662 1200 quod
685 1153 802 1189 milites
819 1152 970 1188 succendi
987 1151 1192 1188 videbantur.
1224 1153 1305 1199 Quo
1324 1153 1405 1200 viso,

377 1205 575 1241 Christianus
593 1207 747 1241 exercitus
773 1219 859 1241 totus
878 1207 912 1241 in
932 1219 1012 1241 terra
1029 1206 1203 1254 prostratus
1220 1206 1263 1241 est
1280 1209 1315 1242 &
1334 1208 1405 1245 fun-

377 1259 457 1294 dens
476 1273 514 1295 ex
533 1260 635 1294 oculis
659 1259 795 1295 flumina
815 1260 1022 1295 lacrimarum
1040 1260 1225 1294 Dominum
1243 1260 1406 1309 rogabant

376 1314 411 1348 δε
427 1313 535 1348 multis
557 1326 618 1361 pro
644 1314 747 1348 nimio
769 1314 857 1348 luftu
880 1313 1009 1349 trachea
1031 1314 1147 1348 artaria
1173 1326 1299 1348 tantum
1315 1329 1406 1352 erant

377 1369 573 1416 exasperata,
592 1367 683 1416 quod
701 1368 755 1404 vix
774 1366 944 1403 dicebant:
965 1370 1108 1412 Domine,
1125 1369 1288 1414 miserere!
1316 1370 1405 1404 Cum

376 1436 485 1458 autem
498 1436 556 1470 per
571 1436 670 1458 unam
683 1423 800 1457 horam
812 1421 914 1457 essent
925 1423 959 1456 in
973 1421 1033 1457 hac
1048 1422 1184 1467 tristicia,
1201 1421 1305 1457 subito
1323 1420 1405 1458 vidit

374 1478 489 1526 ignem
514 1477 698 1512 christianus
716 1478 871 1512 exercitus
888 1478 922 1511 ἃ
939 1476 1091 1512 vexillum
1108 1477 1224 1512 §anese
1241 1478 1355 1513 Crucis
1369 1477 1403 1511 in

376 1532 467 1576 turri3
496 1531 561 1566 hoc
589 1532 668 1576 viso,
699 1532 756 1579 qui
786 1544 824 1566 ex
852 1531 940 1566 luein
975 1544 1094 1566 vocem
1130 1531 1310 1575 amiserant,
1340 1530 1404 1566 sine

376 1585 550 1620 elefluario
573 1598 692 1620 vocem
719 1597 988 1632 recuperaverunt
1012 1586 1047 1620 &
1068 1586 1111 1620 Te
1128 1589 1227 1620 ‘Deum
1246 1586 1403 1620 laudamus

375 1640 410 1674 ὃς
429 1641 539 1674 Gloria
558 1642 589 1673 in
608 1640 724 1686 excelfis
742 1642 810 1674 “Deo
829 1639 1091 1675 decantaverunt.

425 1693 466 1728 V.
489 1693 591 1741 Capti
610 1694 681 1728 sunt
703 1694 735 1728 in
754 1707 791 1729 ea
811 1692 948 1728 *trecenti
965 1693 1098 1738 milites3
1129 1693 1185 1741 qui
1212 1705 1288 1728 cum
1314 1692 1403 1728 ducii

376 1760 467 1782 erant
493 1760 568 1782 ante
595 1747 714 1782 ducem
740 1748 875 1792 Austrie,
903 1759 1101 1796 rogaverunt
1122 1760 1208 1791 eum,
1239 1744 1274 1782 ut
1299 1747 1402 1781 osten-

376 1801 466 1836 deret
488 1801 532 1836 eis
557 1801 674 1836 milites
701 1802 735 1836 in
761 1799 840 1836 albis
865 1802 973 1845 armis,
998 1814 1018 1836 a
1044 1799 1159 1848 quibus
1187 1801 1312 1836 fuerant
1335 1813 1402 1835 tam

376 1855 502 1889 fortiter
535 1856 722 1903 expugnati,
756 1856 790 1889 δε
819 1855 956 1890 militem
991 1853 1135 1900 rubrum,
1174 1856 1229 1902 qui
1262 1854 1402 1889 multum

375 1907 471 1942 nobis
498 1909 620 1953 nocuit,
646 1910 680 1943 &
705 1907 864 1953 dixerunt,
889 1907 981 1955 quod
1010 1907 1113 1943 nullus
1138 1920 1177 1943 ex
1202 1907 1261 1942 illis
1290 1906 1403 1943 invasit

376 1975 441 1998 eos,
466 1963 561 1998 Tune
585 1963 740 1998 intellexit
761 1962 946 1997 christianus
972 1962 1138 2006 exercitus,
1169 1960 1260 2008 quod
1286 1961 1401 1996 Cruci-

375 2015 455 2050 fixus
489 2015 617 2051 misisset
653 2016 695 2051 ad
730 2015 986 2064 expugnandam
1020 2015 1131 2050 turrim
1160 2014 1401 2050 multitudinem

416 2146 423 2162 1
442 2138 500 2163 Cod.
513 2137 637 2162 crescenti.
655 2151 685 2155 —
701 2147 715 2163 2
730 2137 786 2163 Cod.
799 2145 882 2162 naveS.
896 2151 929 2155 —
945 2145 956 2168 3
973 2136 1029 2163 Cod.
1044 2136 1102 2161 add.
1118 2135 1190 2162 scale.
