1624 2788
0 913 1 943 l
28 931 64 961 B„
75 939 97 962 p.
107 937 162 962 235,
172 939 192 954 c.
202 937 221 955 ι.

29 989 70 1018 V„
79 989 95 1012 f.
103 995 131 1012 ιο
137 990 222 1017 r⁰‚c-2.

442 223 749 250 eRuchERORtJM
775 223 1058 250 RHENANORUM.
1216 224 1263 262 49

237 332 446 382 expenderat,
465 332 581 368 domui
603 332 887 369 Theutonicorum
905 333 957 369 sex
974 333 1064 369 milia
1080 345 1263 368 marcarum
1277 346 1335 370 1219

236 388 363 436 argenti
379 387 433 423 vel
445 386 585 436 amplius
602 385 645 422 ad
658 385 921 435 comparandum
937 385 1112 435 presidium
1124 385 1264 422 creditur

236 439 415 476 contulisse.

284 496 319 529 In
332 492 475 530 calendis
483 494 559 539 Maij
571 494 722 543 magistra
729 495 978 543 peregrinorum
987 493 1163 529 multitudo
1176 493 1263 542 cepit
1274 504 1329 528 Μιῑ.
1341 511 1361 528 ι.

236 547 398 593 recedere,
415 545 510 583 nobis
526 548 561 582 in
578 548 730 595 supremo
746 548 893 595 periculo
912 547 1079 592 dereliffls,
1096 546 1152 582 sed
1170 559 1263 595 pater

236 599 396 650 benignus
422 603 456 637 δε
476 602 653 637 misericors
671 603 760 637 Deus
787 600 1031 636 incredulorum
1057 601 1264 650 oppreffione

236 667 298 689 nos
322 667 391 689 non
407 654 551 703 permifit
566 656 705 704 gravari,
727 654 834 690 donec
851 667 942 691 novo
961 654 1062 689 milite
1080 654 1264 700 roboratos,

238 706 302 756 [&]
320 708 508 744 victualium
525 709 630 743 eciam
654 721 816 755 equorum
833 709 867 743 ὅ(
884 720 1050 742 armorum
1068 709 1165 756 copia
1190 709 1263 743 suo-

235 774 309 796 rum
321 760 469 796 fidelium
479 761 646 797 letificaret
660 774 870 797 conventum.
886 762 1060 796 Instaurato
1075 762 1173 810 igitur
1184 760 1264 796 fide-

234 813 317 850 lium
341 828 481 850 numero
502 816 536 851 in
559 815 612 851 die
630 813 832 850 Ascenfionis
850 815 988 850 Domini
1011 827 1104 850 more
1128 815 1186 850 suo
1205 828 1265 863 per
1276 825 1332 849 Mai.
1346 826 1381 849 ιε.

236 879 354 903 terram
365 870 399 903 &
407 882 529 917 aquam
537 869 696 904 irruerunt
705 867 820 917 perfidi
828 869 862 903 &
872 867 914 902 fic
922 869 1116 904 multociens
1126 880 1266 916 attemp-

236 933 339 957 mntes
355 922 522 970 prevalere
540 923 764 970 nequiverunt,
790 922 1021 970 particulariter
1039 923 1143 957 eciam
1161 935 1265 971 prope

236 974 337 1010 castra
362 975 487 1010 nostros
509 975 748 1023 provocabant,
774 974 896 1010 damna
921 975 1095 1010 inferentes
1120 975 1175 1011 sed
1197 989 1266 1011 am-

235 1027 340 1077 pliora
363 1029 564 1077 recipientes.
582 1029 684 1064 Pridie
699 1042 778 1065 vero
796 1028 948 1064 calendas
964 1030 1101 1078 Augusti
1119 1042 1267 1075 omnem,
1278 1040 1366 1069 1u1.31.

237 1094 339 1129 quam
351 1080 470 1118 habere
487 1095 650 1131 poterant,
665 1083 798 1131 copiam
815 1081 1027 1128 adducentes,
1043 1083 1118 1131 post
1134 1082 1266 1119 assultus

236 1133 379 1170 diutinos
393 1142 403 1158 ¹
417 1135 551 1171 tandem
565 1135 721 1172 foffatum
739 1148 853 1171 contra
868 1135 1025 1171 miliciam
1038 1137 1152 1185 templi
1167 1138 1267 1173 trans-

235 1201 358 1234 eunte5‚
389 1188 433 1224 ad
456 1189 545 1225 licias
575 1190 734 1226 violenter
759 1202 958 1238 rumpente8‚
988 1190 1115 1238 pedites
1140 1191 1268 1226 nostros

235 1254 399 1279 verterunt
410 1250 424 1266 2
435 1243 470 1278 in
492 1243 618 1292 fugam,
636 1243 721 1280 adeo
739 1256 774 1279 ut
793 1257 880 1280 totus
900 1245 1007 1281 noster
1023 1245 1179 1281 exercitus
1203 1246 1269 1280 iam

235 1296 478 1346 periclitaretur.
510 1297 626 1333 Milites
652 1297 693 1333 de
713 1299 844 1334 francia
863 1299 965 1334 tercio
990 1299 1101 1334 conati
1118 1299 1191 1334 sunt
1209 1311 1266 1333 eos

235 1364 256 1386 a
272 1349 392 1386 fossato
409 1351 604 1399 propellere,
621 1351 676 1387 sed
689 1364 757 1386 non
777 1364 970 1399 potuerunt3
988 1352 1154 1388 Sarraceni
1172 1351 1265 1399 siqui-

237 1403 314 1440 dem
320 1405 404 1440 inter
415 1405 525 1440 menia
535 1405 653 1450 nostra,
666 1405 774 1440 fraffis
787 1404 1028 1441 municionibus
1038 1406 1166 1455 ligneiS.
1180 1405 1268 1453 equi-

237 1469 305 1493 tum
327 1470 367 1493 ac
384 1457 534 1506 peditum
555 1458 640 1493 acies
662 1457 864 1494 ordinarunt.
895 1459 1033 1495 Clamor
1053 1472 1141 1494 ortus
1158 1459 1203 1494 est
1219 1459 1267 1493 in-

237 1509 429 1546 sultancium
437 1528 447 1556 3
455 1511 563 1546 omnis
574 1524 689 1546 eorum
698 1511 873 1547 multitudo
880 1513 1066 1560 preparavit
1076 1511 1265 1560 sequelam.³

236 1563 407 1599 Timidiras
418 1577 490 1599 orta
498 1564 542 1599 est
548 1564 733 1610 christianis,
742 1564 798 1600 sed
807 1565 944 1613 spiritus,
954 1566 1010 1613 qui
1019 1565 1124 1601 induit
1132 1564 1267 1601 Gedeo-

237 1629 315 1652 nem
332 1616 430 1662 (1ud.,
448 1627 498 1662 VI,
516 1621 591 1666 34),
609 1619 766 1654 animavit
782 1618 992 1667 templarios3
1019 1619 1162 1668 magistri
1180 1620 1268 1655 enim

238 1670 353 1719 templi
371 1683 449 1706 cum
466 1671 655 1707 marescallo
672 1672 849 1719 ceterisque
866 1671 1016 1708 fratribus
1032 1673 1104 1718 suis,
1124 1673 1180 1720 qui
1192 1671 1268 1708 ade·

237 1735 320 1767 rant,
341 1737 400 1772 per
415 1724 587 1772 angustum
600 1725 733 1769 exitum,
745 1725 869 1773 impetu
886 1725 986 1770 facto,
1007 1726 1040 1761 in
1057 1726 1171 1774 fugam
1188 1739 1268 1761 con-

238 1778 333 1813 vertit
357 1776 552 1813 incredulos.
571 1778 700 1813 Domus
718 1778 998 1814 Theutonicorum
1017 1779 1217 1826 comitesque
1234 1781 1268 1815 &

238 1830 291 1875 alij
307 1830 423 1866 milites
452 1829 494 1866 de
511 1829 640 1866 diverfis
656 1829 801 1879 partibus
818 1830 963 1867 videntes
981 1832 1095 1880 templi
1114 1832 1267 1867 miliciam

238 1884 272 1918 in
289 1883 435 1932 periculo
453 1884 672 1929 constitutam,
691 1885 875 1920 festinanter
893 1898 950 1932 per
967 1886 1068 1920 exitus
1081 1884 1137 1920 fibi
1152 1897 1267 1921 contra

238 1935 361 1984 positos
383 1936 522 1972 tulerunt
544 1937 710 1982 auxilium,
736 1936 844 1985 sicque
859 1938 1110 1973 sarracenorum
1130 1937 1266 1987 pedites,

239 1988 371 2025 abiectis
400 1989 521 2038 clipeis,
551 1989 825 2027 interficiebantur
849 2003 956 2039 preter
982 2004 1050 2041 eos,
1082 2004 1165 2039 quos
1190 1992 1267 2040 fuga

281 2117 291 2134 ι
309 2109 337 2134 V.
352 2107 460 2134 divinos.
476 2122 508 2128 —
522 2118 537 2134 ι
549 2109 578 2135 V.
591 2114 724 2135 venerant.
736 2123 770 2128 --
787 2117 799 2140 3
816 2110 842 2135 B.
847 2108 951 2143 supplet.
