1624 2788
543 261 594 286 m:
619 261 777 287 rrmERE
802 261 1002 287 FRlsoNUM.
1239 251 1280 288 61

260 371 399 419 scopulis
416 371 587 419 preclusuS‚
607 371 775 418 quandam
792 370 833 406 de
850 371 985 407 navibus
1002 371 1115 406 nostris
1134 384 1203 406 non
1221 370 1284 407 fine
1300 387 1358 410 1217

260 436 385 472 magno
397 424 542 472 periculo
556 425 690 472 recepit,
705 436 810 459 cetere
822 437 900 460 vero
909 437 997 460 extra
1006 436 1139 472 portum
1148 424 1182 460 in
1192 425 1285 459 cons-

260 478 358 525 petqu
386 477 596 524 scopulorum
624 477 774 513 anchoris
803 477 898 512 miffis
923 479 958 512 in
987 478 1131 526 angustia
1160 478 1285 526 spiritus

261 533 395 565 nostem
412 542 596 579 exegerunt.
613 531 710 565 Mane
729 543 839 565 autem
859 531 946 566 facio
960 531 1061 566 ventis
1078 529 1286 567 suadentibus

180 598 249 621 e.27.
261 584 378 618 iterum
415 584 475 618 iter
502 595 742 630 attemptantes,
769 583 824 619 sed
855 596 935 619 voto
966 583 1116 629 fraudati,
1153 596 1287 631 portum

261 636 358 671 Silere
370 637 568 680 intravimus,
585 635 639 672 ubi
650 637 684 671 in
698 637 835 685 grangia
849 638 958 685 portui
970 637 1120 685 proxima
1132 635 1286 672 abbatem

262 689 303 724 de
319 689 466 725 Alcubaz
490 689 611 724 ordinis
633 689 847 725 Cisterciensis
865 697 874 713 ¹
889 691 1080 726 invenimus.
1107 690 1138 724 A
1159 703 1226 736 quo
1245 689 1286 726 de

261 742 318 778 fitu
335 755 416 778 terre
433 744 467 778 δε
485 755 642 791 portuum
663 741 853 777 difficultate
878 743 979 778 multa
995 742 1185 778 audivimus.
1217 743 1287 791 Qui

260 797 360 831 etiam
380 795 463 831 inter
485 808 591 831 cetera
616 795 710 831 nobis
734 796 851 841 retulit,
883 796 1017 843 qualiter
1038 796 1187 844 magister
1203 796 1286 844 regis

260 848 301 884 de
318 848 452 884 Maroch
478 849 520 884 ad
546 848 648 884 fidem
676 849 819 883 nostram
844 850 1016 884 conversus
1039 849 1151 896 palam
1173 861 1287 884 coram

259 915 336 962 rege
353 901 543 950 predicavit,
561 915 699 950 regnum
720 901 813 961 ipsius
829 902 929 937 finem
946 901 1157 937 habiturum
1150 915 1184 937 in
1208 915 1286 950 pro-

258 956 356 990 ximo.
385 956 466 1003 Quo
483 954 526 990 ad
542 954 659 990 iussum
676 956 759 1004 regis
772 956 954 1000 interfee'tQ
970 955 1054 990 filius
1073 956 1139 990 eius
1162 956 1196 990 in
1213 955 1286 1003 lege

259 1008 458 1044 dofflffimus
483 1008 585 1043 fidem
607 1009 808 1043 christianam
825 1007 955 1056 publice
974 1007 1143 1056 professus,
1172 1020 1286 1043 contra

258 1062 367 1110 legem
392 1062 476 1109 regis
506 1061 746 1109 prudentiffime
778 1061 950 1109 disputavit
974 1063 1009 1096 &
1033 1060 1074 1096 de
1099 1061 1165 1096 fine
1194 1063 1285 1109 regni

258 1113 353 1163 ipsius
367 1128 406 1149 ex
419 1114 510 1149 dielis
523 1122 536 1138 ²
547 1115 783 1162 prophetarum
798 1113 1003 1163 probabilem
1016 1114 1148 1162 collegit
1162 1115 1286 1149 senten-

261 1169 354 1214 tiam3
364 1168 420 1215 qui
433 1167 573 1203 secunda
584 1167 636 1203 die
646 1168 733 1203 mille
743 1168 861 1203 lanceis
872 1166 1037 1202 confossus
1050 1168 1286 1203 interiit.Cuius

262 1235 316 1256 rex
334 1234 452 1268 corpus
480 1233 556 1255 cum
581 1222 614 1256 in
632 1220 805 1256 immundo
822 1221 900 1255 loco
922 1221 1027 1268 proici
1045 1219 1178 1264 iuberet,
1210 1222 1285 1255 Deo

260 1275 391 1311 volente
421 1274 508 1308 nulla
532 1286 661 1322 poterat
689 1287 756 1309 arte
780 1274 914 1309 moveri.
945 1274 1026 1322 Qo
1052 1273 1210 1308 miraculo
1232 1287 1286 1309 rex

260 1327 419 1371 confusus,
445 1327 603 1361 christiani
629 1325 773 1361 roborati
798 1327 832 1361 in
856 1339 994 1371 tantum,
1023 1339 1058 1362 ut
1083 1325 1124 1361 ab
1151 1326 1206 1361 illo
1233 1326 1286 1362 die

260 1380 390 1428 publice
409 1379 516 1415 missas
541 1379 749 1423 celebrarent,
775 1381 810 1414 &
834 1379 980 1414 ecclesias
1008 1379 1228 1414 construerent
1252 1381 1285 1415 in

260 1435 388 1469 civitate
405 1433 549 1468 Maroch.
578 1433 647 1467 Hiis
672 1434 769 1481 igitur
797 1434 831 1467 &
849 1433 994 1480 plurimis
1016 1432 1058 1469 ab
1086 1446 1127 1467 eo
1157 1432 1284 1478 auditis,

259 1499 393 1535 portum
410 1487 505 1522 Silere
526 1487 649 1521 3tercia
674 1486 752 1521 feria
775 1486 848 1534 post
873 1486 986 1521 festum
1004 1485 1180 1521 Alexandri
1201 1500 1284 1521 mar-
1298 1498 1386 1520 1u1.11.

260 1541 335 1586 tyris
356 1540 549 1587 linquentes,
575 1540 659 1574 sexta
678 1539 755 1574 feria
777 1540 925 1586 proxima
942 1539 1154 1575 Ulixibonam
1171 1553 1389 1587 perve-1u1.14.

260 1595 376 1628 nimus.
393 1594 444 1628 De
462 1593 551 1627 cuius
562 1591 618 1628 fitu
637 1592 779 1639 quedam
792 1604 927 1640 propter
941 1593 1124 1637 utilitatem,
1142 1592 1285 1640 quedam

260 1659 394 1695 propter
416 1645 667 1681 delectationem
694 1646 902 1681 annefflmus.
933 1645 978 1680 Est
997 1646 1093 1693 igitur
1111 1645 1285 1682 Ulixibona

260 1701 371 1736 civitas
382 1699 548 1747 Hispanie‚
568 1699 722 1734 terminus
739 1699 887 1747 gentium
904 1700 938 1734 &
955 1697 1095 1743 ecclesie,
1110 1699 1171 1734 ritu
1186 1701 1285 1734 veteri

260 1752 315 1788 {ita
330 1754 363 1789 in
383 1765 507 1797 monte,
521 1751 562 1787 ab
576 1752 670 1788 Ulixe
685 1753 719 1786 δ(
731 1751 855 1786 Achille
871 1751 1017 1794 condita,
1036 1751 1128 1799 quod
1142 1751 1285 1800 probant

260 1807 392 1853 antiqua
402 1805 540 1849 edificia,
549 1805 665 1839 Turres
679 1817 801 1840 veteres
814 1805 988 1852 appellata,
1003 1807 1037 1840 &
1049 1818 1151 1853 pagus
1160 1806 1284 1840 vicinus

260 1860 382 1895 Achele
399 1871 532 1894 vocatus
554 1857 595 1893 ab
614 1858 748 1893 Achille.
779 1858 890 1906 Caput
912 1871 1022 1893 autem
1039 1859 1174 1894 civitatis
1190 1858 1284 1907 ipsius

260 1912 418 1948 circulum
432 1912 571 1959 implens
584 1924 679 1946 muro
692 1913 727 1946 ὃ(
741 1910 878 1947 turribus
891 1911 973 1956 altis,
993 1911 1148 1947 verticem
1165 1914 1284 1948 montis

259 1965 393 2015 pulchre
406 1978 555 2010 coronat,
573 1963 627 2000 ubi
639 1965 682 1999 est
694 1964 814 2000 domus
828 1965 1020 2013 episcopalis
1033 1966 1068 1999 &
1081 1965 1179 2000 sedes.
1198 1966 1283 2000 Cor-

298 2102 308 2118 ¹
321 2094 351 2119 A.
365 2092 528 2119 Sisterciensus.
545 2107 580 2112 —
598 2103 613 2118 ι
626 2101 656 2118 ex
669 2093 739 2118 diffis
840 2101 852 2124 3
871 2093 1019 2126 Sequebatur
1047 2093 1202 2125 intravimus,
1221 2092 1282 2119 dele-

260 2132 297 2159 his
302 2133 437 2167 secundum
449 2132 550 2159 deletum
563 2133 588 2158 in
601 2134 629 2160 A.
802 2137 852 2160 tum
864 2132 889 2157 in
902 2133 931 2159 A.
