1624 2788
343 262 389 300 80
793 268 919 295 Ges-m

259 392 316 415 1218
343 395 410 419 tem
423 395 479 418 eos
492 381 651 430 persecuti
666 381 807 416 fuerunt.
826 380 919 415 Multi
931 392 1009 415 vero
1025 393 1063 415 ex
1076 379 1147 425 illis,
1163 379 1219 427 qui
1231 390 1370 426 pontem

342 449 479 485 propter
505 434 747 471 multitudinem
777 433 904 470 transire
932 446 1000 468 non
1027 444 1214 481 potuerunt,
1241 433 1274 467 in
1299 432 1369 479 ipso

343 490 443 526 fluvio
463 490 584 524 mortui
601 490 635 523 ὅ(
652 487 805 523 submersi
829 489 910 533 sunt,
930 488 1048 536 Pagani
1061 488 1095 522 ὅ(
1109 486 1282 522 Sarraceni.
1301 485 1371 532 Qi

344 557 382 579 ex
404 545 468 579 alia
487 544 598 592 pontis
618 555 711 591 parte
733 542 879 586 aderant,
906 542 1066 585 timentes,
1096 554 1137 575 ne
1161 551 1300 587 pontem
1315 551 1373 586 per

344 599 411 633 vim
429 596 606 640 transirent,
625 597 729 632 nimio
744 609 864 631 terrore
878 602 887 618 ¹
902 595 1001 630 territi
1016 607 1155 642 pontem
1167 594 1258 628 illum
1269 593 1371 642 frege-

344 664 418 687 runt
434 653 468 686 &
485 652 518 685 in
536 649 636 686 fluvio
657 649 830 685 diruerunt.
861 647 985 684 Reverfi
1012 648 1083 682 sunt
1104 660 1247 695 namque
1264 646 1372 681 Chris·
1386 646 1411 669 P.
1424 645 1439 668 f·
1454 651 1496 675 ¹⁰9
1508 645 1536 667 c·

344 706 424 740 ciani
441 705 483 740 ad
502 705 601 740 castra
617 703 786 739 laudantes
803 705 837 737 &
855 701 1085 737 benedicentes
1104 701 1298 736 Dominum.

183 767 296 790 Novemb-
308 768 330 790 6-
392 759 431 794 X.
455 759 563 793 Mense
578 771 657 793 vero
669 756 885 792 Novembris2
894 756 1052 791 venientis
1065 754 1213 802 quodam
1226 754 1278 789 die
1291 753 1373 788 eius-

345 811 422 847 dem
440 810 554 846 menfis
581 810 740 858 templarii
764 810 891 854 milites,
906 810 939 844 in
958 808 1101 856 quadam
1119 821 1234 843 eorum
1256 819 1338 842 coca
1351 814 1362 836 3

344 866 510 910 intrantes,
538 863 674 899 fluvium
702 862 832 898 tranfire
853 863 1011 906 volentes,
1037 874 1072 896 ut
1093 861 1323 896 detrimentum
1340 860 1374 894 δε

345 917 529 966 dampnum
547 919 680 966 Paganis
698 919 732 951 &
749 917 887 951 inimicis
905 929 1019 950 eorum
1038 915 1154 950 inferre
1168 913 1308 962 possent,
1327 914 1374 948 su-

344 971 414 1007 bito
434 984 549 1008 ventus
566 971 692 1007 validus
710 971 812 1018 ipsam
830 982 947 1004 coeam
957 976 973 999 4
985 981 1060 1004 ante
1070 969 1207 1004 civitatis
1223 969 1375 1003 Damiate

346 1038 457 1060 muros
471 1026 617 1073 proiecit.
636 1025 717 1072 Qo
732 1024 882 1072 cognit0‚
895 1023 983 1057 illico
996 1023 1172 1067 Sarraceni,
1190 1035 1266 1056 cum
1277 1021 1375 1070 galeis

347 1080 381 1113 ὃ(
389 1077 516 1114 barchis
526 1090 698 1121 currentes,
712 1077 784 1111 illos
795 1076 940 1124 undique
956 1075 1242 1111 circumdederunt
1254 1077 1288 1110 ὅ(
1300 1088 1376 1110 cum

348 1133 392 1167 eis
417 1131 597 1181 graviffime
616 1142 854 1180 pugnaverunt.
877 1129 1050 1165 Christiani
1068 1141 1178 1164 autem
1198 1130 1329 1178 egregie
1345 1129 1377 1163 se

349 1185 562 1221 defendentes
580 1185 701 1219 multos
721 1198 760 1219 ex
779 1184 822 1218 eis
844 1183 1084 1218 interfecerunt.
1108 1182 1170 1218 Sed
1188 1195 1264 1217 cum
1281 1181 1377 1218 vidis-

350 1239 429 1283 sent,
458 1238 550 1286 quod
574 1238 638 1273 des
657 1236 806 1272 manibus
825 1250 940 1271 eorum
967 1236 1104 1272 evadere
1122 1249 1190 1271 non
1202 1236 1216 1258 ⁶
1237 1235 1378 1284 possent,

349 1294 483 1340 paflum
506 1292 679 1327 Christiani
694 1305 713 1326 a
731 1291 910 1326 Sarracenis
929 1291 1099 1338 petierunt.
1122 1290 1288 1325 Sarraceni
1300 1302 1378 1326 vero

350 1346 471 1380 interea
488 1358 621 1380 centum
639 1344 680 1380 de
694 1343 872 1379 maioribus
885 1345 919 1378 &
933 1343 1133 1389 melioribus,
1151 1344 1207 1391 qui
1220 1342 1265 1378 ibi
1277 1354 1379 1387 erant,

350 1399 382 1433 in
398 1399 657 1434 Christianorum
675 1411 756 1432 coca
774 1397 996 1433 ascenderunt.
1014 1397 1173 1432 Videntes
1190 1397 1255 1431 hoc
1271 1395 1379 1431 Chris-

352 1453 428 1487 tiani
447 1453 575 1497 milites,
593 1451 689 1487 valde
707 1452 778 1486 sunt
796 1450 924 1495 turbati,
942 1463 1164 1486 verumtamen
1183 1450 1255 1485 sunt
1272 1462 1379 1485 recor-

351 1505 419 1540 dati
444 1505 534 1542 verbi
559 1506 710 1541 Sansonis
736 1504 898 1539 dicentes:
931 1506 1042 1539 Omnes
1067 1505 1182 1552 infimul
1208 1507 1380 1547 moriamur,

352 1563 499 1594 moriatur
510 1562 637 1606 Sanson,
645 1559 675 1593 δ’
686 1562 851 1593 moriantur
859 1572 959 1593 omnes
975 1561 1093 1592 inimici
1105 1560 1187 1592 eius!
1195 1557 1267 1602 (Cf.
1280 1556 1380 1602 ludd.‚

352 1622 428 1657 XVI,
449 1624 503 1648 20.
518 1614 533 1658 )
556 1612 589 1647 Et
607 1613 712 1646 statim
730 1624 847 1646 coeam
859 1618 872 1639 7
883 1612 1015 1646 inferius
1032 1611 1205 1659 fregerunt,
1226 1612 1261 1646 &
1276 1612 1380 1646 Sarra-

353 1666 426 1701 ceni
453 1678 580 1710 omnes,
615 1666 670 1712 qui
692 1666 726 1699 in
752 1678 790 1700 ea
816 1677 918 1709 erant,
950 1666 983 1699 in
1011 1678 1097 1712 aqua
1124 1665 1197 1699 sunt
1221 1661 1379 1699 submersi.

355 1719 529 1754 Christiani
547 1731 640 1761 vem,
654 1718 666 1740 ⁸
687 1719 721 1752 in
746 1717 889 1765 quadam
911 1718 1004 1766 galea
1021 1720 1054 1753 ὅ(
1074 1717 1171 1753 barca
1187 1719 1380 1753 Sarraceno-

354 1786 426 1806 rum
450 1773 616 1815 intrantes,
645 1771 781 1807 fluvium
800 1772 938 1806 Domini
961 1771 1077 1806 virtute
1102 1770 1299 1806 transierunt.
1322 1770 1381 1804 Vi·
1397 1778 1431 1801 M.
1443 1777 1458 1799 f.
1470 1777 1500 1799 ει
1511 1777 1538 1799 c.

355 1826 435 1860 dens
469 1838 578 1860 autem
612 1824 776 1868 soldanus,
816 1824 908 1872 quod
944 1826 1108 1860 Dominus
1139 1825 1245 1859 noster
1280 1823 1382 1858 lhesus

356 1878 524 1914 crucifixus
545 1891 622 1913 tunc
647 1891 708 1927 pro
731 1878 921 1914 Christianis
939 1879 1108 1927 pugnavit,
1138 1879 1240 1913 nimio
1263 1889 1383 1912 terrore

397 2018 406 2034 1
428 2009 453 2034 P.
463 2017 508 2034 om.
524 2022 557 2027 —
575 2017 588 2032 2
602 2008 628 2033 P.
643 2006 791 2032 Novembri.
808 2021 839 2025 —
853 2015 865 2038 3
883 2007 907 2031 P.
922 2014 1000 2031 conca
1013 2010 1040 2030 ut
1051 2004 1163 2038 inferius.
1175 2018 1204 2023 -
1225 2012 1241 2034 4
1260 2004 1284 2029 P.
1301 2004 1382 2038 suppl.

356 2047 455 2074 scilicet.
480 2063 512 2067 —
537 2058 550 2080 5
565 2049 589 2073 P.
604 2056 626 2072 a.
644 2062 678 2065 —-
693 2049 708 2072 6
722 2047 760 2072 M.
774 2055 819 2071 om.
835 2054 893 2070 non.
907 2060 942 2064 —-
957 2054 970 2075 7
984 2046 1022 2070 M.
1035 2044 1081 2078 leg.
1107 2045 1142 2069 Et
1157 2042 1236 2069 statim
1248 2043 1384 2075 sarraceni,

357 2087 400 2122 qui
414 2087 437 2113 in
451 2096 510 2113 cora
523 2087 636 2118 aderant,
658 2095 744 2112 omnes
763 2086 863 2111 inferius
879 2094 932 2111 eam
947 2085 1081 2119 fregerunt.
1101 2099 1135 2102 —
1157 2086 1170 2108 8
1194 2083 1233 2108 M.
1255 2084 1318 2108 add.
1342 2082 1384 2118 qui

357 2128 382 2153 in
395 2128 461 2154 dieta
476 2134 553 2154 erant.
