1624 2788
415 232 466 257 DE
484 232 658 258 IOHANNE
677 232 778 258 REGE
796 232 1024 258 IERUSALEM.
1169 233 1234 271 139

209 340 333 386 dentes,
350 339 506 375 consiliati
525 341 594 375 sunt
611 341 640 376 ei
657 340 736 376 dare
752 341 918 377 civitatem
934 342 1034 389 usque
1053 341 1095 377 ad
1113 341 1234 378 adven·
1252 360 1311 383 1219

210 405 280 428 tum
297 392 430 442 paffagij
453 394 657 442 imperatoris
683 395 717 429 &
732 393 852 429 iuffum
868 395 972 430 Rome
998 396 1032 430 &
1053 394 1235 430 libertatem

208 446 476 482 Christianorum.
511 449 544 482 ln
570 446 623 482 die
653 448 761 483 Sant‘li
787 447 918 483 Thome
942 460 1052 483 tamen
1083 461 1151 483 erat
1179 461 1237 484 cor
1250 460 1354 484 nemu.

209 513 323 535 eorum
339 499 381 535 de
398 513 478 535 auro
497 499 698 545 obsecatum‚
726 501 815 548 quod
837 499 996 536 nolebant·
1016 501 1093 536 dare
1111 500 1166 536 nifi
1184 502 1237 537 sex

208 551 379 598 bysancios
396 551 528 588 cuilibet
540 552 581 588 de
594 554 744 588 exercitu.
764 552 841 588 [nde
855 565 941 588 totus
955 554 1108 589 exercitus
1131 567 1236 590 arma-

208 618 257 640 tus
270 606 342 649 fixit,
356 607 391 641 &
399 606 586 641 Romani&
597 607 700 641 Latini
711 606 911 642 intraverunt
924 607 1088 643 civitatem
1101 609 1135 642 &
1144 621 1236 643 acce-

207 671 326 707 perunt
343 671 458 694 omnes
475 671 574 694 turres
586 661 622 694 &
635 658 720 694 foras
738 659 870 706 turpiter
887 661 1093 706 proiecerunt
1114 662 1236 696 Franci-

207 725 321 760 genas,
338 713 373 747 &
389 712 482 747 multi
503 712 632 748 fixerunt
653 712 813 748 vulnerati
831 714 865 747 &
883 714 1021 758 mortui3
1042 727 1081 749 ex
1098 726 1236 762 utraque

207 777 299 813 parte
315 777 402 800 totus
420 766 575 800 exercitus
594 766 730 801 armavit
747 766 790 809 se,
808 767 843 801 &
857 779 971 801 omnes
988 766 1183 814 putabamus
1201 769 1234 804 in

207 818 262 853 illa
278 818 331 853 die
343 817 407 853 effe
421 818 559 866 dispersi.
578 820 674 854 Tunc
687 818 840 853 dominus
854 819 978 867 legatus
991 821 1099 867 posuit
1120 833 1237 868 pacem

207 872 241 906 in
259 870 423 916 omnibus,
449 873 484 906 &
512 873 623 908 civitas
643 872 702 907 fuit
719 871 874 920 affignata
892 874 959 921 regi
979 875 1013 908 &
1034 874 1235 920 Alamannis,

206 924 295 960 salvo
324 924 406 959 iuffu
430 926 646 972 imperatoris,
675 926 710 960 &
735 926 953 973 promiserunt
979 927 1141 975 integram
1158 941 1235 975 por-

208 978 342 1013 cionem
359 977 446 1013 dare.
1245 1021 1248 1025 ⁴

255 1031 318 1066 LX.
330 1033 363 1065 ln
374 1029 428 1066 die
437 1030 614 1079 Epiphanie
622 1032 737 1067 iterum
748 1043 834 1066 totus
848 1033 1003 1067 exercitus
1012 1045 1153 1068 armatus
1165 1034 1235 1078 fuit,
1248 1032 1330 1079 1¹:²5⁶.

207 1086 242 1119 &
260 1096 488 1119 cuccurrerunt
508 1083 551 1119 ad
569 1083 743 1120 dominum
761 1086 908 1133 legatum
925 1087 959 1120 &
981 1085 1136 1121 volebant
1160 1100 1235 1121 eum

207 1136 366 1173 occidere.
391 1137 500 1172 Postea
515 1150 673 1173 venerunt
700 1137 854 1181 dicentes,
884 1138 975 1185 quod
994 1137 1091 1174 delusi
1109 1152 1200 1174 erant
1216 1154 1236 1174 a

207 1189 372 1234 militibus,
391 1203 507 1225 omnes
529 1191 560 1226 se
583 1203 789 1227 armaverunt
813 1192 848 1226 δε
876 1204 1035 1227 venerunt
1060 1192 1103 1227 ad
1129 1192 1236 1228 domi-

206 1256 288 1278 num
303 1243 449 1292 legatum
465 1245 500 1279 &
518 1243 668 1279 dixerunt
681 1245 727 1279 ei:
744 1247 886 1287 Domine,
906 1247 944 1279 da
959 1247 1046 1280 nobis
1055 1249 1233 1292 porcionem

205 1299 363 1331 civitatis!
387 1296 421 1331 Et
439 1298 505 1345 ipse
523 1296 602 1332 dixit
625 1298 690 1332 eis:
718 1299 870 1344 Qicquid
887 1300 992 1342 habeo,
1021 1300 1146 1333 daturus
1163 1301 1233 1345 sum

204 1352 299 1394 vobis,
307 1352 368 1397 sed
382 1352 479 1385 nichil
496 1352 555 1392 alii
573 1352 678 1385 nolunt
694 1353 779 1385 vobis
795 1352 879 1385 dare.
905 1353 948 1384 Ite
968 1351 998 1384 δ’
1014 1353 1148 1386 habeatis
1165 1366 1234 1386 con-

202 1403 324 1449 filium!
353 1403 387 1439 Et
412 1417 451 1439 ex
475 1404 539 1439 alia
563 1416 654 1452 parte
682 1417 747 1448 rex,
776 1404 937 1451 templum
962 1405 997 1438 &
1025 1405 1183 1451 hospitale
1200 1407 1234 1440 ὃ(

205 1467 320 1491 omnes
337 1457 446 1492 franci
470 1458 501 1492 se
521 1469 727 1492 armaverunt
744 1457 996 1493 &intraverunt
1016 1457 1047 1491 in
1067 1458 1233 1493 civitatem

204 1509 239 1543 δε
255 1510 389 1558 turpiter
406 1510 492 1545 foras
512 1511 716 1557 proiecerunt
733 1510 873 1554 Latinos,
901 1512 935 1545 &
957 1511 991 1545 in
1014 1510 1066 1545 illa
1093 1510 1145 1546 die
1164 1525 1233 1546 ma-

204 1575 309 1610 gnum
324 1563 477 1598 insultum
494 1562 653 1598 dederunt
669 1563 802 1608 civitati,
815 1564 849 1598 &
862 1563 955 1598 multi
973 1563 1144 1599 Christiani
1165 1564 1232 1600 fue-

204 1627 279 1650 runt
295 1616 462 1660 vulnerati,
479 1617 514 1651 &
531 1615 666 1663 quidam
683 1629 723 1651 ex
736 1615 796 1651 illis
813 1615 979 1651 dicebant:
1000 1619 1174 1652 &sinamus
1192 1620 1233 1652 ad

196 1670 371 1715 soldanum,
391 1682 423 1704 ut
441 1673 538 1704 veniat
554 1671 594 1703 ad
607 1672 784 1716 principes!
811 1669 980 1717 Ceperunt
1007 1669 1084 1705 dare
1101 1672 1231 1718 porcio-

104 1733 122 1758 f.
133 1741 162 1766 37
173 1734 195 1758 b.
205 1734 283 1756 nem
300 1721 342 1757 ad
359 1735 474 1757 eorum
498 1721 626 1757 libitum
643 1722 797 1757 militibus
811 1723 928 1770 viginti
945 1735 1099 1769 quattuor
1116 1722 1229 1769 bysan-

205 1776 285 1820 cios,
301 1774 520 1811 sacerdotibus
532 1777 566 1810 δε
579 1776 756 1823 turcopulis
771 1775 959 1820 duodecim,
978 1775 1148 1811 clientibus
1166 1777 1231 1822 sex,

205 1827 392 1864 mulieribus
408 1830 443 1863 &
459 1829 566 1876 pueris
584 1841 654 1863 tres.
682 1828 716 1863 Et
734 1829 847 1870 sciatis,
873 1827 966 1875 quod
991 1841 1123 1864 centum
1143 1830 1231 1864 milia

205 1880 463 1916 Christianorum
477 1894 568 1916 erant
585 1882 701 1929 scripta
718 1883 751 1916 in
769 1882 920 1917 exercitu.

253 1934 483 1970 LXl.Secunda
492 1933 544 1969 die
555 1933 723 1979 februarij,
731 1936 764 1969 in
773 1935 851 1969 festo
862 1935 956 1969 Beate
966 1934 1065 1970 Marie
1074 1935 1231 1983 Virginis,
1245 1946 1297 1968 Feb.
1310 1953 1331 1968 2.

206 1988 368 2024 constituit
382 1987 535 2023 dominus
547 1987 671 2035 legatus
689 1990 723 2023 &
741 2000 855 2022 omnes
867 1987 980 2035 prelati
996 1986 1143 2023 divinum
1159 1988 1231 2023 offi-

207 2040 295 2075 cium
309 2040 469 2076 celebrare
481 2041 566 2075 intus
577 2041 610 2075 in
623 2042 787 2085 Damnata,
805 2053 840 2075 ut
855 2040 1075 2087 purificaretur
1089 2055 1108 2075 a
1123 2042 1230 2076 multis

209 2092 373 2139 fetoribus,
386 2094 502 2142 quibus
510 2107 576 2129 erat
585 2095 694 2129 anima
705 2094 840 2142 polluta,
853 2095 930 2128 &in
942 2107 1038 2128 mane
1048 2094 1167 2129 eodem
1179 2094 1230 2130 die
