<?xml version="1.0" encoding="UTF-8"?>
<!DOCTYPE html PUBLIC "-//W3C//DTD XHTML 1.0 Transitional//EN"
    "http://www.w3.org/TR/xhtml1/DTD/xhtml1-transitional.dtd">
<html xmlns="http://www.w3.org/1999/xhtml" xml:lang="en" lang="en">
 <head>
  <title>
</title>
<meta http-equiv="Content-Type" content="text/html;charset=utf-8" />
  <meta name='ocr-system' content='tesseract 3.04.00' />
  <meta name='ocr-capabilities' content='ocr_page ocr_carea ocr_par ocr_line ocrx_word'/>
</head>
<body>
  <div class='ocr_page' id='page_1' title='image "./quintibellisacri00rhuoft_0104.png"; bbox 0 0 1624 2788; ppageno 0'>
   <div class='ocr_carea' id='block_1_1' title="bbox 387 253 975 320">
    <p class='ocr_par' dir='ltr' id='par_1_1' title="bbox 387 253 975 320">
     <span class='ocr_line' id='line_1_1' title="bbox 387 253 975 320; baseline -0.005 -12"><span class='ocrx_word' id='word_1_1' title='bbox 387 272 436 320; x_wconf 89' lang='lat'>48</span> <span class='ocrx_word' id='word_1_2' title='bbox 847 253 975 306; x_wconf 53' lang='lat' dir='ltr'>Gesta</span> 
     </span>
    </p>
   </div>
   <div class='ocr_carea' id='block_1_2' title="bbox 256 388 1624 2099">
    <p class='ocr_par' dir='ltr' id='par_1_2' title="bbox 317 388 1417 694">
     <span class='ocr_line' id='line_1_2' title="bbox 317 388 1416 438; baseline -0.001 -12"><span class='ocrx_word' id='word_1_3' title='bbox 317 403 375 427; x_wconf 88' lang='lat'><em>¹²¹9</em></span> <span class='ocrx_word' id='word_1_4' title='bbox 389 389 568 436; x_wconf 82' lang='lat' dir='ltr'>observari3</span> <span class='ocrx_word' id='word_1_5' title='bbox 593 390 769 426; x_wconf 80' lang='lat' dir='ltr'>luxuriosus</span> <span class='ocrx_word' id='word_1_6' title='bbox 786 391 874 426; x_wconf 89' lang='lat' dir='ltr'>enim</span> <span class='ocrx_word' id='word_1_7' title='bbox 897 390 956 425; x_wconf 93' lang='lat' dir='ltr'>fuit</span> <span class='ocrx_word' id='word_1_8' title='bbox 976 391 1012 425; x_wconf 90' lang='lat'>&amp;</span> <span class='ocrx_word' id='word_1_9' title='bbox 1028 389 1198 426; x_wconf 91' lang='lat' dir='ltr'>bellicosus</span> <span class='ocrx_word' id='word_1_10' title='bbox 1214 388 1358 438; x_wconf 87' lang='lat' dir='ltr'>ideoque</span> <span class='ocrx_word' id='word_1_11' title='bbox 1374 388 1416 425; x_wconf 93' lang='lat' dir='ltr'>de</span> 
     </span>
     <span class='ocr_line' id='line_1_3' title="bbox 388 443 1417 493; baseline 0 -15"><span class='ocrx_word' id='word_1_12' title='bbox 388 444 602 480; x_wconf 89' lang='lat' dir='ltr'>immundicia</span> <span class='ocrx_word' id='word_1_13' title='bbox 623 446 658 480; x_wconf 67' lang='grc' dir='ltr'>ὃς</span> <span class='ocrx_word' id='word_1_14' title='bbox 683 446 825 481; x_wconf 90' lang='lat' dir='ltr'>vanitate</span> <span class='ocrx_word' id='word_1_15' title='bbox 851 445 959 493; x_wconf 88' lang='lat' dir='ltr'>legem</span> <span class='ocrx_word' id='word_1_16' title='bbox 987 444 1102 488; x_wconf 85' lang='lat' dir='ltr'>statuit,</span> <span class='ocrx_word' id='word_1_17' title='bbox 1128 457 1228 491; x_wconf 90' lang='lat' dir='ltr'>quam</span> <span class='ocrx_word' id='word_1_18' title='bbox 1249 443 1417 479; x_wconf 83' lang='lat' dir='ltr'>carnaliter</span> 
     </span>
     <span class='ocr_line' id='line_1_4' title="bbox 389 496 1417 547; baseline -0.001 -14"><span class='ocrx_word' id='word_1_19' title='bbox 389 498 533 534; x_wconf 91' lang='lat' dir='ltr'>viventes</span> <span class='ocrx_word' id='word_1_20' title='bbox 560 499 593 534; x_wconf 93' lang='lat' dir='ltr'>in</span> <span class='ocrx_word' id='word_1_21' title='bbox 619 511 711 547; x_wconf 87' lang='lat' dir='ltr'>parte</span> <span class='ocrx_word' id='word_1_22' title='bbox 728 499 904 534; x_wconf 88' lang='lat' dir='ltr'>voluntatis</span> <span class='ocrx_word' id='word_1_23' title='bbox 923 497 1057 533; x_wconf 87' lang='lat' dir='ltr'>firmiter</span> <span class='ocrx_word' id='word_1_24' title='bbox 1078 496 1260 533; x_wconf 86' lang='lat' dir='ltr'>observant.</span> <span class='ocrx_word' id='word_1_25' title='bbox 1288 497 1323 532; x_wconf 85' lang='lat' dir='ltr'>Et</span> <span class='ocrx_word' id='word_1_26' title='bbox 1339 496 1417 532; x_wconf 85' lang='lat' dir='ltr'>ficut</span> 
     </span>
     <span class='ocr_line' id='line_1_5' title="bbox 388 550 1415 600; baseline -0.001 -14"><span class='ocrx_word' id='word_1_27' title='bbox 388 551 497 600; x_wconf 84' lang='lat' dir='ltr'>legem</span> <span class='ocrx_word' id='word_1_28' title='bbox 517 552 661 587; x_wconf 88' lang='lat' dir='ltr'>nostram</span> <span class='ocrx_word' id='word_1_29' title='bbox 677 553 792 588; x_wconf 86' lang='lat' dir='ltr'>veritas</span> <span class='ocrx_word' id='word_1_30' title='bbox 806 554 840 587; x_wconf 69' lang='grc' dir='ltr'>ὅ(</span> <span class='ocrx_word' id='word_1_31' title='bbox 854 550 1021 587; x_wconf 88' lang='lat' dir='ltr'>mundicia</span> <span class='ocrx_word' id='word_1_32' title='bbox 1041 552 1201 594; x_wconf 88' lang='lat' dir='ltr'>muniunt,</span> <span class='ocrx_word' id='word_1_33' title='bbox 1217 551 1262 585; x_wconf 88' lang='lat' dir='ltr'>ita</span> <span class='ocrx_word' id='word_1_34' title='bbox 1279 552 1314 585; x_wconf 70' lang='grc' dir='ltr'>δε</span> <span class='ocrx_word' id='word_1_35' title='bbox 1327 564 1415 586; x_wconf 86' lang='lat' dir='ltr'>erro-</span> 
     </span>
     <span class='ocr_line' id='line_1_6' title="bbox 389 604 1416 653; baseline 0 -14"><span class='ocrx_word' id='word_1_36' title='bbox 389 618 457 639; x_wconf 89' lang='lat' dir='ltr'>rem</span> <span class='ocrx_word' id='word_1_37' title='bbox 475 605 620 652; x_wconf 84' lang='lat' dir='ltr'>ipsorum</span> <span class='ocrx_word' id='word_1_38' title='bbox 646 607 744 641; x_wconf 89' lang='lat' dir='ltr'>timor</span> <span class='ocrx_word' id='word_1_39' title='bbox 766 605 951 641; x_wconf 90' lang='lat' dir='ltr'>mundanus</span> <span class='ocrx_word' id='word_1_40' title='bbox 976 607 1010 640; x_wconf 72' lang='grc' dir='ltr'>δε</span> <span class='ocrx_word' id='word_1_41' title='bbox 1035 604 1195 639; x_wconf 89' lang='lat' dir='ltr'>humanus</span> <span class='ocrx_word' id='word_1_42' title='bbox 1216 605 1251 639; x_wconf 89' lang='lat'>&amp;</span> <span class='ocrx_word' id='word_1_43' title='bbox 1266 604 1416 653; x_wconf 89' lang='lat' dir='ltr'>voluptas</span> 
     </span>
     <span class='ocr_line' id='line_1_7' title="bbox 389 658 929 694; baseline 0.002 -1"><span class='ocrx_word' id='word_1_44' title='bbox 389 659 524 694; x_wconf 88' lang='lat' dir='ltr'>carnalis</span> <span class='ocrx_word' id='word_1_45' title='bbox 540 658 715 694; x_wconf 85' lang='lat' dir='ltr'>firmiffime</span> <span class='ocrx_word' id='word_1_46' title='bbox 737 658 929 694; x_wconf 85' lang='lat' dir='ltr'>custodiunt.</span> 
     </span>
    </p>

    <p class='ocr_par' dir='ltr' id='par_1_3' title="bbox 256 712 1624 1296">
     <span class='ocr_line' id='line_1_8' title="bbox 256 712 1624 760; baseline 0.001 -13"><span class='ocrx_word' id='word_1_47' title='bbox 256 725 322 748; x_wconf 72' lang='lat' dir='ltr'>Mart.</span> <span class='ocrx_word' id='word_1_48' title='bbox 337 732 373 755; x_wconf 82' lang='lat'>31.</span> <span class='ocrx_word' id='word_1_49' title='bbox 438 715 470 747; x_wconf 85' lang='lat' dir='ltr'>ln</span> <span class='ocrx_word' id='word_1_50' title='bbox 486 712 539 747; x_wconf 89' lang='lat' dir='ltr'>die</span> <span class='ocrx_word' id='word_1_51' title='bbox 556 713 740 760; x_wconf 87' lang='lat' dir='ltr'>palmarum</span> <span class='ocrx_word' id='word_1_52' title='bbox 757 725 845 748; x_wconf 89' lang='lat' dir='ltr'>anno</span> <span class='ocrx_word' id='word_1_53' title='bbox 865 713 1042 760; x_wconf 88' lang='lat' dir='ltr'>prescripto</span> <span class='ocrx_word' id='word_1_54' title='bbox 1060 713 1183 746; x_wconf 88' lang='lat' dir='ltr'>inimici</span> <span class='ocrx_word' id='word_1_55' title='bbox 1201 713 1297 747; x_wconf 90' lang='lat' dir='ltr'>nostri</span> <span class='ocrx_word' id='word_1_56' title='bbox 1314 712 1418 748; x_wconf 89' lang='lat' dir='ltr'>multa</span> <span class='ocrx_word' id='word_1_57' title='bbox 1431 718 1518 748; x_wconf 58' lang='grc' dir='ltr'><strong>νηΐ-9</strong></span> <span class='ocrx_word' id='word_1_58' title='bbox 1531 719 1624 748; x_wconf 54' lang='grc' dir='ltr'>*Αω-</span> 
     </span>
     <span class='ocr_line' id='line_1_9' title="bbox 388 765 1416 814; baseline 0.001 -14"><span class='ocrx_word' id='word_1_59' title='bbox 388 766 653 801; x_wconf 87' lang='lat' dir='ltr'>comminacione</span> <span class='ocrx_word' id='word_1_60' title='bbox 665 765 829 814; x_wconf 82' lang='lat' dir='ltr'>ptemiffa,</span> <span class='ocrx_word' id='word_1_61' title='bbox 848 779 912 813; x_wconf 91' lang='lat' dir='ltr'>qua</span> <span class='ocrx_word' id='word_1_62' title='bbox 931 766 1062 814; x_wconf 90' lang='lat' dir='ltr'>seipsos</span> <span class='ocrx_word' id='word_1_63' title='bbox 1074 767 1109 800; x_wconf 89' lang='lat'>&amp;</span> <span class='ocrx_word' id='word_1_64' title='bbox 1122 778 1182 800; x_wconf 91' lang='lat' dir='ltr'>nos</span> <span class='ocrx_word' id='word_1_65' title='bbox 1200 779 1265 801; x_wconf 90' lang='lat' dir='ltr'>una</span> <span class='ocrx_word' id='word_1_66' title='bbox 1279 765 1332 800; x_wconf 88' lang='lat' dir='ltr'>die</span> <span class='ocrx_word' id='word_1_67' title='bbox 1344 779 1416 814; x_wconf 89' lang='lat' dir='ltr'>per-</span> 
     </span>
     <span class='ocr_line' id='line_1_10' title="bbox 388 818 1417 867; baseline 0.001 -13"><span class='ocrx_word' id='word_1_68' title='bbox 388 818 511 863; x_wconf 88' lang='lat' dir='ltr'>derent,</span> <span class='ocrx_word' id='word_1_69' title='bbox 522 820 751 855; x_wconf 91' lang='lat' dir='ltr'>collocucione</span> <span class='ocrx_word' id='word_1_70' title='bbox 761 818 904 863; x_wconf 83' lang='lat' dir='ltr'>terribili,</span> <span class='ocrx_word' id='word_1_71' title='bbox 918 818 1145 854; x_wconf 88' lang='lat' dir='ltr'>innumerabili</span> <span class='ocrx_word' id='word_1_72' title='bbox 1160 820 1308 866; x_wconf 86' lang='lat' dir='ltr'>equitum</span> <span class='ocrx_word' id='word_1_73' title='bbox 1318 820 1353 854; x_wconf 92' lang='lat'>&amp;</span> <span class='ocrx_word' id='word_1_74' title='bbox 1362 832 1417 867; x_wconf 91' lang='lat' dir='ltr'>pe-</span> 
     </span>
     <span class='ocr_line' id='line_1_11' title="bbox 388 871 1418 920; baseline 0.001 -13"><span class='ocrx_word' id='word_1_75' title='bbox 388 871 492 907; x_wconf 87' lang='lat' dir='ltr'>ditum</span> <span class='ocrx_word' id='word_1_76' title='bbox 510 873 695 908; x_wconf 66' lang='lat' dir='ltr'>construc&#39;to</span> <span class='ocrx_word' id='word_1_77' title='bbox 718 874 857 908; x_wconf 87' lang='lat' dir='ltr'>exercitu</span> <span class='ocrx_word' id='word_1_78' title='bbox 878 873 972 920; x_wconf 89' lang='lat' dir='ltr'>super</span> <span class='ocrx_word' id='word_1_79' title='bbox 991 885 1051 907; x_wconf 91' lang='lat' dir='ltr'>nos</span> <span class='ocrx_word' id='word_1_80' title='bbox 1069 873 1238 917; x_wconf 75' lang='lat' dir='ltr'>irruerunt,</span> <span class='ocrx_word' id='word_1_81' title='bbox 1265 872 1418 908; x_wconf 81' lang='lat' dir='ltr'>foffatum</span> 
     </span>
     <span class='ocr_line' id='line_1_12' title="bbox 387 926 1417 975; baseline 0.001 -14"><span class='ocrx_word' id='word_1_82' title='bbox 387 927 533 961; x_wconf 87' lang='lat' dir='ltr'>nostrum</span> <span class='ocrx_word' id='word_1_83' title='bbox 548 926 693 974; x_wconf 90' lang='lat' dir='ltr'>undique</span> <span class='ocrx_word' id='word_1_84' title='bbox 711 926 902 962; x_wconf 85' lang='lat' dir='ltr'>invadentes</span> <span class='ocrx_word' id='word_1_85' title='bbox 920 928 954 961; x_wconf 89' lang='lat'>&amp;</span> <span class='ocrx_word' id='word_1_86' title='bbox 968 926 1108 961; x_wconf 86' lang='lat' dir='ltr'>maxime</span> <span class='ocrx_word' id='word_1_87' title='bbox 1122 938 1260 974; x_wconf 89' lang='lat' dir='ltr'>pontem</span> <span class='ocrx_word' id='word_1_88' title='bbox 1280 927 1417 975; x_wconf 89' lang='lat' dir='ltr'>templa-</span> 
     </span>
     <span class='ocr_line' id='line_1_13' title="bbox 387 979 1417 1028; baseline 0.001 -13"><span class='ocrx_word' id='word_1_89' title='bbox 387 980 510 1014; x_wconf 88' lang='lat' dir='ltr'>riorum</span> <span class='ocrx_word' id='word_1_90' title='bbox 536 981 570 1015; x_wconf 86' lang='lat'>&amp;</span> <span class='ocrx_word' id='word_1_91' title='bbox 600 979 690 1015; x_wconf 89' lang='lat' dir='ltr'>ducis</span> <span class='ocrx_word' id='word_1_92' title='bbox 717 981 852 1025; x_wconf 81' lang='lat' dir='ltr'>Austrie,</span> <span class='ocrx_word' id='word_1_93' title='bbox 883 993 982 1027; x_wconf 91' lang='lat' dir='ltr'>quem</span> <span class='ocrx_word' id='word_1_94' title='bbox 1009 980 1077 1028; x_wconf 90' lang='lat' dir='ltr'>ipse</span> <span class='ocrx_word' id='word_1_95' title='bbox 1103 992 1179 1014; x_wconf 91' lang='lat' dir='ltr'>cum</span> <span class='ocrx_word' id='word_1_96' title='bbox 1205 980 1417 1016; x_wconf 89' lang='lat' dir='ltr'>Theutonicis</span> 
     </span>
     <span class='ocr_line' id='line_1_14' title="bbox 388 1032 1418 1081; baseline 0.002 -13"><span class='ocrx_word' id='word_1_97' title='bbox 388 1032 634 1068; x_wconf 86' lang='lat' dir='ltr'>defendendum</span> <span class='ocrx_word' id='word_1_98' title='bbox 653 1035 843 1081; x_wconf 82' lang='lat' dir='ltr'>susceperat.</span> <span class='ocrx_word' id='word_1_99' title='bbox 873 1033 990 1068; x_wconf 83' lang='lat' dir='ltr'>Hostes</span> <span class='ocrx_word' id='word_1_100' title='bbox 1008 1046 1097 1077; x_wconf 88' lang='lat' dir='ltr'>vero,</span> <span class='ocrx_word' id='word_1_101' title='bbox 1115 1045 1191 1067; x_wconf 90' lang='lat' dir='ltr'>cum</span> <span class='ocrx_word' id='word_1_102' title='bbox 1208 1033 1316 1069; x_wconf 72' lang='lat' dir='ltr'>eleffls</span> <span class='ocrx_word' id='word_1_103' title='bbox 1333 1035 1418 1070; x_wconf 88' lang='lat' dir='ltr'>mili-</span> 
     </span>
     <span class='ocr_line' id='line_1_15' title="bbox 388 1086 1418 1134; baseline 0.003 -13"><span class='ocrx_word' id='word_1_104' title='bbox 388 1086 471 1122; x_wconf 90' lang='lat' dir='ltr'>tibus</span> <span class='ocrx_word' id='word_1_105' title='bbox 497 1086 538 1122; x_wconf 89' lang='lat' dir='ltr'>de</span> <span class='ocrx_word' id='word_1_106' title='bbox 564 1087 656 1134; x_wconf 88' lang='lat' dir='ltr'>equis</span> <span class='ocrx_word' id='word_1_107' title='bbox 684 1086 927 1132; x_wconf 80' lang='lat' dir='ltr'>descendentes,</span> <span class='ocrx_word' id='word_1_108' title='bbox 955 1100 1031 1122; x_wconf 88' lang='lat' dir='ltr'>curn</span> <span class='ocrx_word' id='word_1_109' title='bbox 1061 1086 1238 1122; x_wconf 88' lang='lat' dir='ltr'>christianis</span> <span class='ocrx_word' id='word_1_110' title='bbox 1267 1089 1418 1124; x_wconf 85' lang='lat' dir='ltr'>atrociter</span> 
     </span>
     <span class='ocr_line' id='line_1_16' title="bbox 387 1138 1417 1188; baseline 0.002 -14"><span class='ocrx_word' id='word_1_111' title='bbox 387 1152 629 1188; x_wconf 87' lang='lat' dir='ltr'>pugnaverunt,</span> <span class='ocrx_word' id='word_1_112' title='bbox 647 1141 723 1175; x_wconf 85' lang='lat' dir='ltr'>hinc</span> <span class='ocrx_word' id='word_1_113' title='bbox 741 1142 775 1175; x_wconf 92' lang='lat'>&amp;</span> <span class='ocrx_word' id='word_1_114' title='bbox 793 1140 870 1176; x_wconf 88' lang='lat' dir='ltr'>inde</span> <span class='ocrx_word' id='word_1_115' title='bbox 887 1140 993 1175; x_wconf 87' lang='lat' dir='ltr'>multis</span> <span class='ocrx_word' id='word_1_116' title='bbox 1012 1138 1123 1173; x_wconf 78' lang='lat' dir='ltr'>occifis</span> <span class='ocrx_word' id='word_1_117' title='bbox 1140 1140 1174 1174; x_wconf 73' lang='grc' dir='ltr'>ὅ(</span> <span class='ocrx_word' id='word_1_118' title='bbox 1187 1139 1331 1186; x_wconf 83' lang='lat' dir='ltr'>pluribus</span> <span class='ocrx_word' id='word_1_119' title='bbox 1347 1142 1417 1176; x_wconf 86' lang='lat' dir='ltr'>vul-</span> 
     </span>
     <span class='ocr_line' id='line_1_17' title="bbox 388 1192 1624 1242; baseline 0.004 -15"><span class='ocrx_word' id='word_1_120' title='bbox 388 1194 516 1228; x_wconf 88' lang='lat' dir='ltr'>neratis.</span> <span class='ocrx_word' id='word_1_121' title='bbox 529 1194 681 1230; x_wconf 86' lang='lat' dir='ltr'>Tandem</span> <span class='ocrx_word' id='word_1_122' title='bbox 692 1194 917 1242; x_wconf 88' lang='lat' dir='ltr'>prevaluerunt</span> <span class='ocrx_word' id='word_1_123' title='bbox 930 1193 1026 1236; x_wconf 90' lang='lat' dir='ltr'>adeo,</span> <span class='ocrx_word' id='word_1_124' title='bbox 1043 1192 1146 1240; x_wconf 85' lang='lat' dir='ltr'>quod,</span> <span class='ocrx_word' id='word_1_125' title='bbox 1162 1205 1300 1240; x_wconf 90' lang='lat' dir='ltr'>pontem</span> <span class='ocrx_word' id='word_1_126' title='bbox 1310 1195 1418 1230; x_wconf 88' lang='lat' dir='ltr'>ascen·</span> <span class='ocrx_word' id='word_1_127' title='bbox 1431 1203 1466 1231; x_wconf 60' lang='lat' dir='ltr'>Bu</span> <span class='ocrx_word' id='word_1_128' title='bbox 1478 1211 1498 1234; x_wconf 79' lang='lat'>1&gt;-</span> <span class='ocrx_word' id='word_1_129' title='bbox 1510 1209 1564 1233; x_wconf 51' lang='lat'>²3⁴*</span> <span class='ocrx_word' id='word_1_130' title='bbox 1574 1210 1594 1225; x_wconf 78' lang='lat' dir='ltr'>c·</span> <span class='ocrx_word' id='word_1_131' title='bbox 1603 1209 1624 1225; x_wconf 85' lang='lat'>2·</span> 
     </span>
     <span class='ocr_line' id='line_1_18' title="bbox 387 1246 1040 1296; baseline 0.002 -14"><span class='ocrx_word' id='word_1_132' title='bbox 387 1246 511 1292; x_wconf 76' lang='lat' dir='ltr'>denteS,</span> <span class='ocrx_word' id='word_1_133' title='bbox 529 1261 655 1296; x_wconf 91' lang='lat' dir='ltr'>partem</span> <span class='ocrx_word' id='word_1_134' title='bbox 672 1261 711 1283; x_wconf 87' lang='lat' dir='ltr'>ex</span> <span class='ocrx_word' id='word_1_135' title='bbox 728 1261 768 1283; x_wconf 93' lang='lat' dir='ltr'>eo</span> <span class='ocrx_word' id='word_1_136' title='bbox 787 1247 1040 1284; x_wconf 83' lang='lat' dir='ltr'>combufferunt.</span> 
     </span>
    </p>

    <p class='ocr_par' dir='ltr' id='par_1_4' title="bbox 386 1302 1624 2099">
     <span class='ocr_line' id='line_1_19' title="bbox 437 1302 1417 1351; baseline 0 -15"><span class='ocrx_word' id='word_1_137' title='bbox 437 1302 512 1336; x_wconf 86' lang='lat' dir='ltr'>Dux</span> <span class='ocrx_word' id='word_1_138' title='bbox 535 1314 643 1337; x_wconf 90' lang='lat' dir='ltr'>autem</span> <span class='ocrx_word' id='word_1_139' title='bbox 669 1302 794 1337; x_wconf 83' lang='lat' dir='ltr'>Austrie</span> <span class='ocrx_word' id='word_1_140' title='bbox 822 1303 968 1350; x_wconf 82' lang='lat' dir='ltr'>precepit</span> <span class='ocrx_word' id='word_1_141' title='bbox 991 1303 1064 1349; x_wconf 77' lang='lat' dir='ltr'>suis,</span> <span class='ocrx_word' id='word_1_142' title='bbox 1090 1316 1134 1346; x_wconf 92' lang='lat' dir='ltr'>ut,</span> <span class='ocrx_word' id='word_1_143' title='bbox 1167 1316 1270 1351; x_wconf 89' lang='lat' dir='ltr'>ponte</span> <span class='ocrx_word' id='word_1_144' title='bbox 1295 1303 1417 1346; x_wconf 68' lang='lat' dir='ltr'>reliflo,</span> 
     </span>
     <span class='ocr_line' id='line_1_20' title="bbox 387 1354 1418 1405; baseline 0 -15"><span class='ocrx_word' id='word_1_145' title='bbox 387 1354 513 1390; x_wconf 88' lang='lat' dir='ltr'>aditum</span> <span class='ocrx_word' id='word_1_146' title='bbox 528 1354 645 1390; x_wconf 89' lang='lat' dir='ltr'>darent</span> <span class='ocrx_word' id='word_1_147' title='bbox 658 1355 858 1401; x_wconf 82' lang='lat' dir='ltr'>instantibus,</span> <span class='ocrx_word' id='word_1_148' title='bbox 876 1356 931 1391; x_wconf 91' lang='lat' dir='ltr'>sed</span> <span class='ocrx_word' id='word_1_149' title='bbox 944 1358 1061 1392; x_wconf 87' lang='lat' dir='ltr'>intrare</span> <span class='ocrx_word' id='word_1_150' title='bbox 1075 1369 1143 1391; x_wconf 92' lang='lat' dir='ltr'>non</span> <span class='ocrx_word' id='word_1_151' title='bbox 1157 1356 1418 1405; x_wconf 87' lang='lat' dir='ltr'>presumpserunt</span> 
     </span>
     <span class='ocr_line' id='line_1_21' title="bbox 387 1408 1416 1457; baseline 0.001 -14"><span class='ocrx_word' id='word_1_152' title='bbox 387 1421 522 1456; x_wconf 90' lang='lat' dir='ltr'>propter</span> <span class='ocrx_word' id='word_1_153' title='bbox 544 1409 699 1444; x_wconf 89' lang='lat' dir='ltr'>miliciam</span> <span class='ocrx_word' id='word_1_154' title='bbox 722 1410 874 1452; x_wconf 88' lang='lat' dir='ltr'>nostram,</span> <span class='ocrx_word' id='word_1_155' title='bbox 902 1424 966 1457; x_wconf 89' lang='lat' dir='ltr'>que</span> <span class='ocrx_word' id='word_1_156' title='bbox 990 1411 1056 1445; x_wconf 88' lang='lat' dir='ltr'>suas</span> <span class='ocrx_word' id='word_1_157' title='bbox 1082 1411 1166 1445; x_wconf 90' lang='lat' dir='ltr'>acies</span> <span class='ocrx_word' id='word_1_158' title='bbox 1191 1411 1224 1445; x_wconf 91' lang='lat' dir='ltr'>in</span> <span class='ocrx_word' id='word_1_159' title='bbox 1243 1408 1416 1445; x_wconf 77' lang='lat' dir='ltr'>subsidium</span> 
     </span>
     <span class='ocr_line' id='line_1_22' title="bbox 387 1462 1416 1510; baseline 0.001 -13"><span class='ocrx_word' id='word_1_160' title='bbox 387 1464 592 1497; x_wconf 87' lang='lat' dir='ltr'>municiones</span> <span class='ocrx_word' id='word_1_161' title='bbox 607 1462 858 1498; x_wconf 87' lang='lat' dir='ltr'>defendencium</span> <span class='ocrx_word' id='word_1_162' title='bbox 874 1463 1099 1508; x_wconf 78' lang='lat' dir='ltr'>ordinaverat3</span> <span class='ocrx_word' id='word_1_163' title='bbox 1118 1463 1266 1498; x_wconf 87' lang='lat' dir='ltr'>mulieres</span> <span class='ocrx_word' id='word_1_164' title='bbox 1283 1475 1416 1510; x_wconf 85' lang='lat' dir='ltr'>aquam,</span> 
     </span>
     <span class='ocr_line' id='line_1_23' title="bbox 388 1515 1415 1564; baseline 0 -13"><span class='ocrx_word' id='word_1_165' title='bbox 388 1529 489 1563; x_wconf 87' lang='lat' dir='ltr'>panes</span> <span class='ocrx_word' id='word_1_166' title='bbox 507 1517 541 1551; x_wconf 90' lang='lat'><strong>&amp;</strong></span> <span class='ocrx_word' id='word_1_167' title='bbox 559 1517 673 1551; x_wconf 90' lang='lat' dir='ltr'>vinum</span> <span class='ocrx_word' id='word_1_168' title='bbox 698 1515 907 1551; x_wconf 86' lang='lat' dir='ltr'>bellatoribus</span> <span class='ocrx_word' id='word_1_169' title='bbox 934 1516 1047 1551; x_wconf 83' lang='lat' dir='ltr'>nostris</span> <span class='ocrx_word' id='word_1_170' title='bbox 1071 1515 1232 1564; x_wconf 88' lang='lat' dir='ltr'>intrepide</span> <span class='ocrx_word' id='word_1_171' title='bbox 1260 1516 1415 1551; x_wconf 87' lang='lat' dir='ltr'>ministra-</span> 
     </span>
     <span class='ocr_line' id='line_1_24' title="bbox 387 1568 1415 1615; baseline 0 -10"><span class='ocrx_word' id='word_1_172' title='bbox 387 1568 478 1614; x_wconf 86' lang='lat' dir='ltr'>bant,</span> <span class='ocrx_word' id='word_1_173' title='bbox 511 1571 659 1605; x_wconf 85' lang='lat' dir='ltr'>oracioni</span> <span class='ocrx_word' id='word_1_174' title='bbox 678 1570 859 1605; x_wconf 84' lang='lat' dir='ltr'>sacerdotes</span> <span class='ocrx_word' id='word_1_175' title='bbox 876 1569 1047 1615; x_wconf 88' lang='lat' dir='ltr'>instabant,</span> <span class='ocrx_word' id='word_1_176' title='bbox 1074 1571 1207 1606; x_wconf 85' lang='lat' dir='ltr'>vulnera</span> <span class='ocrx_word' id='word_1_177' title='bbox 1233 1570 1415 1605; x_wconf 87' lang='lat' dir='ltr'>sauciorum</span> 
     </span>
     <span class='ocr_line' id='line_1_25' title="bbox 386 1622 1415 1672; baseline 0.002 -15"><span class='ocrx_word' id='word_1_178' title='bbox 386 1622 524 1671; x_wconf 85' lang='lat' dir='ltr'>ligantes</span> <span class='ocrx_word' id='word_1_179' title='bbox 542 1636 581 1658; x_wconf 91' lang='lat' dir='ltr'>ac</span> <span class='ocrx_word' id='word_1_180' title='bbox 594 1622 832 1659; x_wconf 89' lang='lat' dir='ltr'>benedicentes.</span> <span class='ocrx_word' id='word_1_181' title='bbox 848 1624 891 1658; x_wconf 84' lang='lat' dir='ltr'>Eo</span> <span class='ocrx_word' id='word_1_182' title='bbox 910 1623 963 1658; x_wconf 88' lang='lat' dir='ltr'>die</span> <span class='ocrx_word' id='word_1_183' title='bbox 976 1636 1036 1671; x_wconf 89' lang='lat' dir='ltr'>pro</span> <span class='ocrx_word' id='word_1_184' title='bbox 1051 1624 1167 1671; x_wconf 88' lang='lat' dir='ltr'>palmis</span> <span class='ocrx_word' id='word_1_185' title='bbox 1185 1623 1309 1659; x_wconf 88' lang='lat' dir='ltr'>balistas</span> <span class='ocrx_word' id='word_1_186' title='bbox 1323 1623 1415 1672; x_wconf 87' lang='lat' dir='ltr'>geffi-</span> 
     </span>
     <span class='ocr_line' id='line_1_26' title="bbox 387 1676 1417 1726; baseline -0.001 -14"><span class='ocrx_word' id='word_1_187' title='bbox 387 1690 459 1712; x_wconf 91' lang='lat' dir='ltr'>mus</span> <span class='ocrx_word' id='word_1_188' title='bbox 477 1678 511 1712; x_wconf 91' lang='lat'>&amp;</span> <span class='ocrx_word' id='word_1_189' title='bbox 529 1690 619 1712; x_wconf 88' lang='lat' dir='ltr'>arcus</span> <span class='ocrx_word' id='word_1_190' title='bbox 633 1690 694 1725; x_wconf 91' lang='lat' dir='ltr'>pro</span> <span class='ocrx_word' id='word_1_191' title='bbox 711 1678 807 1712; x_wconf 90' lang='lat' dir='ltr'>ramis</span> <span class='ocrx_word' id='word_1_192' title='bbox 821 1676 985 1722; x_wconf 84' lang='lat' dir='ltr'>arborum,</span> <span class='ocrx_word' id='word_1_193' title='bbox 1004 1678 1133 1713; x_wconf 90' lang='lat' dir='ltr'>lanceas</span> <span class='ocrx_word' id='word_1_194' title='bbox 1146 1679 1181 1713; x_wconf 89' lang='lat'>&amp;</span> <span class='ocrx_word' id='word_1_195' title='bbox 1194 1676 1324 1726; x_wconf 87' lang='lat' dir='ltr'>gladios</span> <span class='ocrx_word' id='word_1_196' title='bbox 1342 1690 1417 1712; x_wconf 88' lang='lat' dir='ltr'>cum</span> 
     </span>
     <span class='ocr_line' id='line_1_27' title="bbox 388 1729 1624 1779; baseline 0 -14"><span class='ocrx_word' id='word_1_197' title='bbox 388 1731 499 1778; x_wconf 86' lang='lat' dir='ltr'>clipeis</span> <span class='ocrx_word' id='word_1_198' title='bbox 513 1731 657 1775; x_wconf 87' lang='lat' dir='ltr'>tulimus;</span> <span class='ocrx_word' id='word_1_199' title='bbox 683 1730 768 1766; x_wconf 90' lang='lat' dir='ltr'>adeo</span> <span class='ocrx_word' id='word_1_200' title='bbox 791 1744 850 1766; x_wconf 90' lang='lat' dir='ltr'>nos</span> <span class='ocrx_word' id='word_1_201' title='bbox 869 1732 1088 1767; x_wconf 85' lang='lat' dir='ltr'>instantiffime</span> <span class='ocrx_word' id='word_1_202' title='bbox 1103 1730 1274 1776; x_wconf 88' lang='lat' dir='ltr'>vexabant,</span> <span class='ocrx_word' id='word_1_203' title='bbox 1301 1731 1357 1779; x_wconf 90' lang='lat' dir='ltr'>qui</span> <span class='ocrx_word' id='word_1_204' title='bbox 1373 1729 1416 1766; x_wconf 91' lang='lat' dir='ltr'>ad</span> <span class='ocrx_word' id='word_1_205' title='bbox 1433 1730 1624 1760; x_wconf 77' lang='lat' dir='ltr'>v.,f.10r⁰,c.1.</span> 
     </span>
     <span class='ocr_line' id='line_1_28' title="bbox 391 1783 1418 1832; baseline 0 -13"><span class='ocrx_word' id='word_1_206' title='bbox 391 1783 598 1832; x_wconf 88' lang='lat' dir='ltr'>perdendum</span> <span class='ocrx_word' id='word_1_207' title='bbox 623 1797 683 1818; x_wconf 89' lang='lat' dir='ltr'>nos</span> <span class='ocrx_word' id='word_1_208' title='bbox 705 1784 808 1819; x_wconf 89' lang='lat' dir='ltr'>studio</span> <span class='ocrx_word' id='word_1_209' title='bbox 826 1784 991 1820; x_wconf 88' lang='lat' dir='ltr'>liberande</span> <span class='ocrx_word' id='word_1_210' title='bbox 1021 1785 1155 1820; x_wconf 87' lang='lat' dir='ltr'>civitatis</span> <span class='ocrx_word' id='word_1_211' title='bbox 1183 1783 1418 1820; x_wconf 58' lang='lat' dir='ltr'>convena-ann</span> 
     </span>
     <span class='ocr_line' id='line_1_29' title="bbox 390 1836 1415 1886; baseline 0 -14"><span class='ocrx_word' id='word_1_212' title='bbox 390 1836 549 1872; x_wconf 80' lang='lat' dir='ltr'>instabat</span> <span class='ocrx_word' id='word_1_213' title='bbox 542 1850 607 1872; x_wconf 80' lang='lat' dir='ltr'>iam</span> <span class='ocrx_word' id='word_1_214' title='bbox 621 1838 750 1873; x_wconf 91' lang='lat' dir='ltr'>vernale</span> <span class='ocrx_word' id='word_1_215' title='bbox 764 1837 958 1886; x_wconf 76' lang='lat' dir='ltr'>passagium,</span> <span class='ocrx_word' id='word_1_216' title='bbox 976 1837 1150 1873; x_wconf 74' lang='lat' dir='ltr'>recessurus</span> <span class='ocrx_word' id='word_1_217' title='bbox 1168 1849 1236 1873; x_wconf 86' lang='lat' dir='ltr'>erat</span> <span class='ocrx_word' id='word_1_218' title='bbox 1252 1837 1318 1872; x_wconf 84' lang='lat' dir='ltr'>dux</span> <span class='ocrx_word' id='word_1_219' title='bbox 1334 1837 1415 1872; x_wconf 84' lang='lat' dir='ltr'>Aus-</span> 
     </span>
     <span class='ocr_line' id='line_1_30' title="bbox 391 1890 1416 1939; baseline 0 -14"><span class='ocrx_word' id='word_1_220' title='bbox 391 1891 460 1934; x_wconf 87' lang='lat' dir='ltr'>trie‚</span> <span class='ocrx_word' id='word_1_221' title='bbox 481 1892 536 1938; x_wconf 90' lang='lat' dir='ltr'>qui</span> <span class='ocrx_word' id='word_1_222' title='bbox 554 1904 613 1939; x_wconf 88' lang='lat' dir='ltr'>per</span> <span class='ocrx_word' id='word_1_223' title='bbox 629 1903 754 1926; x_wconf 90' lang='lat' dir='ltr'>annum</span> <span class='ocrx_word' id='word_1_224' title='bbox 772 1892 806 1925; x_wconf 72' lang='grc' dir='ltr'>δε</span> <span class='ocrx_word' id='word_1_225' title='bbox 824 1890 997 1926; x_wconf 88' lang='lat' dir='ltr'>dimidium</span> <span class='ocrx_word' id='word_1_226' title='bbox 1014 1891 1143 1926; x_wconf 89' lang='lat' dir='ltr'>Christo</span> <span class='ocrx_word' id='word_1_227' title='bbox 1159 1898 1167 1913; x_wconf 90' lang='lat'><strong>¹</strong></span> <span class='ocrx_word' id='word_1_228' title='bbox 1180 1890 1317 1925; x_wconf 86' lang='lat' dir='ltr'>fideliter</span> <span class='ocrx_word' id='word_1_229' title='bbox 1335 1890 1416 1925; x_wconf 85' lang='lat' dir='ltr'>mili-</span> 
     </span>
     <span class='ocr_line' id='line_1_31' title="bbox 390 1942 1418 1993; baseline -0.001 -14"><span class='ocrx_word' id='word_1_230' title='bbox 390 1955 524 1989; x_wconf 81' lang='lat' dir='ltr'>taverat,</span> <span class='ocrx_word' id='word_1_231' title='bbox 537 1944 691 1993; x_wconf 89' lang='lat' dir='ltr'>princeps</span> <span class='ocrx_word' id='word_1_232' title='bbox 705 1943 889 1979; x_wconf 90' lang='lat' dir='ltr'>devocione</span> <span class='ocrx_word' id='word_1_233' title='bbox 898 1944 1012 1992; x_wconf 89' lang='lat' dir='ltr'>plenus</span> <span class='ocrx_word' id='word_1_234' title='bbox 1026 1944 1214 1988; x_wconf 84' lang='lat' dir='ltr'>humilitate,</span> <span class='ocrx_word' id='word_1_235' title='bbox 1224 1942 1418 1979; x_wconf 88' lang='lat' dir='ltr'>obediencia</span> 
     </span>
     <span class='ocr_line' id='line_1_32' title="bbox 390 1973 1417 2046; baseline -0.001 -14"><span class='ocrx_word' id='word_1_236' title='bbox 390 1998 425 2032; x_wconf 92' lang='lat'>&amp;</span> <span class='ocrx_word' id='word_1_237' title='bbox 441 1973 590 2045; x_wconf 86' lang='lat' dir='ltr'>largitate</span> <span class='ocrx_word' id='word_1_238' title='bbox 609 1998 684 2032; x_wconf 87' lang='lat' dir='ltr'>Deo</span> <span class='ocrx_word' id='word_1_239' title='bbox 702 2009 822 2046; x_wconf 88' lang='lat' dir='ltr'>gratus,</span> <span class='ocrx_word' id='word_1_240' title='bbox 839 1998 895 2045; x_wconf 91' lang='lat' dir='ltr'>qui</span> <span class='ocrx_word' id='word_1_241' title='bbox 912 2010 1020 2045; x_wconf 90' lang='lat' dir='ltr'>preter</span> <span class='ocrx_word' id='word_1_242' title='bbox 1035 1997 1115 2032; x_wconf 88' lang='lat' dir='ltr'>alios</span> <span class='ocrx_word' id='word_1_243' title='bbox 1134 1997 1298 2044; x_wconf 76' lang='lat' dir='ltr'>lumptus</span> <span class='ocrx_word' id='word_1_244' title='bbox 1290 2009 1417 2031; x_wconf 83' lang='lat' dir='ltr'>incom-</span> 
     </span>
     <span class='ocr_line' id='line_1_33' title="bbox 391 2049 1417 2099; baseline 0.001 -14"><span class='ocrx_word' id='word_1_245' title='bbox 391 2049 561 2098; x_wconf 88' lang='lat' dir='ltr'>parabiles,</span> <span class='ocrx_word' id='word_1_246' title='bbox 574 2063 657 2097; x_wconf 89' lang='lat' dir='ltr'>quos</span> <span class='ocrx_word' id='word_1_247' title='bbox 671 2051 705 2086; x_wconf 87' lang='lat' dir='ltr'>in</span> <span class='ocrx_word' id='word_1_248' title='bbox 719 2051 866 2099; x_wconf 89' lang='lat' dir='ltr'>negociis</span> <span class='ocrx_word' id='word_1_249' title='bbox 879 2050 999 2086; x_wconf 85' lang='lat' dir='ltr'>bellicis</span> <span class='ocrx_word' id='word_1_250' title='bbox 1012 2063 1051 2085; x_wconf 88' lang='lat' dir='ltr'>ac</span> <span class='ocrx_word' id='word_1_251' title='bbox 1062 2051 1192 2097; x_wconf 86' lang='lat' dir='ltr'>privatis</span> <span class='ocrx_word' id='word_1_252' title='bbox 1205 2050 1417 2095; x_wconf 82' lang='lat' dir='ltr'>eleemosynis</span> 
     </span>
    </p>
   </div>
   <div class='ocr_carea' id='block_1_3' title="bbox 431 2169 644 2195">
    <p class='ocr_par' dir='ltr' id='par_1_5' title="bbox 431 2169 644 2195">
     <span class='ocr_line' id='line_1_34' title="bbox 431 2169 644 2195; baseline 0 0"><span class='ocrx_word' id='word_1_253' title='bbox 431 2178 439 2194; x_wconf 84' lang='lat'>¹</span> <span class='ocrx_word' id='word_1_254' title='bbox 457 2171 485 2195; x_wconf 84' lang='lat' dir='ltr'>V.</span> <span class='ocrx_word' id='word_1_255' title='bbox 499 2169 644 2195; x_wconf 77' lang='lat' dir='ltr'>Christiano.</span> 
     </span>
    </p>
   </div>
  </div>
 </body>
</html>
