1624 2788
376 245 442 283 106
821 253 949 280 GESTA

296 380 355 403 η19
367 380 466 402 rerum
491 366 653 414 visibilium
679 365 709 399 ἃ
735 364 939 412 invisibilium,
964 365 1017 409 qui
1038 364 1139 397 omnia
1148 364 1305 410 subiecisti
1317 368 1327 385 ¹
1340 364 1399 410 sub
1412 366 1551 396 P·f·¹14l³-

366 422 494 467 pedibus
511 420 599 463 Tuis,
622 432 692 453 oves
709 418 739 452 δ’
757 421 856 462 boves,
879 419 998 464 Insuper
1011 418 1147 462 universa
1158 429 1271 463 pecora
1288 419 1398 463 campi,

368 475 503 509 volucres
527 474 586 507 celi
614 472 644 506 ὃ·
664 474 768 519 pisces
794 474 900 514 maris,
933 474 986 516 qui
1006 470 1217 517 perambulant
1236 476 1250 492 ²
1270 471 1402 516 semitas

367 530 472 571 maris,
494 526 525 560 ὃ·
546 529 598 572 qui
610 539 670 572 pro
688 527 774 560 nobis
786 526 995 571 peccatoribus
1011 524 1197 558 redimendis
1222 537 1240 557 a
1261 526 1403 570 potestate

367 581 486 614 diaboli
512 583 542 614 in
568 581 706 614 mundum
734 582 837 624 venisti
864 579 894 613 ὃ
920 580 957 612 de
980 579 1067 612 ubero
1090 577 1260 622 Reatiffime
1285 578 1403 612 Μανία

367 636 502 680 virginis
519 637 677 667 humanam
695 646 812 667 carnem
824 633 985 679 sumpsisti,
1009 643 1129 666 mortem
1148 631 1266 675 quidem
1284 630 1315 664 δ’
1331 631 1403 677 pas-

361 690 473 735 fionem
505 690 536 721 in
565 701 650 721 cruce
668 688 856 733 subtinuzsti,
889 687 1000 719 adiuva
1026 697 1090 728 nos,
1121 686 1266 726 Domine,
1296 684 1404 718 exaudi

361 742 503 786 precibus
534 742 659 786 nostris!
692 741 721 774 O
747 741 891 783 Domine,
916 752 1003 784 quam
1021 737 1203 772 admirabile
1232 740 1271 782 est
1299 750 1403 772 nomen

367 793 461 827 Tuum
489 797 520 828 in
548 795 682 840 universa
709 806 788 827 1erra
798 795 811 826 l
831 791 958 832 (Psalm.
977 800 1055 833 VIII,
1090 794 1134 838 1.)
1158 792 1229 836 Ne
1246 791 1403 837 respicias,

367 850 510 890 Domine,
541 860 668 893 peccata
700 847 730 881 δ’
755 849 930 891 iniquitates
966 847 1079 890 nostras
1109 844 1139 878 δ’
1170 857 1206 878 ne
1230 846 1401 890 permittas,

365 914 420 935 nos
449 902 486 935 ab
513 902 631 948 infidiis
661 901 852 934 crudelium
885 902 1077 945 Paganorum
1107 898 1138 932 δ’
1171 899 1403 933 sarracenorum

360 957 475 1000 perire,
496 955 556 999 sed
581 954 708 988 concede
733 955 819 987 nobis
837 966 895 999 per
921 954 1016 986 ‘Tuam
1036 951 1253 999 sanc‘liffimam
1269 954 1403 997 gratiam

366 1008 396 1042 δ’
418 1009 671 1054 misericordiam,
701 1019 733 1040 ut
757 1008 838 1053 ipsos
864 1008 1010 1052 Paganos
1035 1005 1064 1039 6·
1090 1006 1271 1039 Sarracenos
1293 1007 1404 1051 impios

365 1061 395 1095 G·
413 1061 592 1103 incredulos,
612 1060 643 1094 δ’
669 1063 720 1106 qui
749 1063 779 1094 in
807 1061 850 1093 ‘Te
866 1073 924 1093 non
950 1059 1088 1102 credunt,
1099 1059 1247 1105 superare
1260 1058 1403 1104 poffimus
1414 1062 1508 1093 Mur-P·
1521 1069 1588 1086 ¹¹0⁰·

365 1114 396 1148 ὃ·
422 1115 461 1148 ad
488 1127 583 1148 veram
609 1113 640 1147 δ’
669 1114 709 1147 ad
738 1115 848 1147 rec‘iam
872 1114 968 1157 fidem
999 1125 1050 1147 eos
1078 1113 1210 1146 converti
1236 1112 1400 1155 valeamus,

365 1180 398 1202 ut
415 1181 518 1202 nomen
539 1167 634 1202 Tuum
644 1171 688 1215 fit
708 1168 890 1201 benedicqum
909 1169 940 1200 in
953 1166 1062 1212 secula
1072 1165 1270 1212 seculorum!
1289 1168 1399 1200 eAmen.

366 1222 444 1269 Qa
479 1221 628 1255 oratione
668 1220 764 1264 faista,
809 1219 982 1255 Christiani
1019 1218 1085 1252 hoc
1107 1224 1124 1247 4
1150 1216 1298 1253 videntes
1329 1231 1402 1266 pre-

365 1274 446 1309 lium
472 1286 632 1322 magnum
658 1286 735 1308 cum
763 1273 808 1307 eis
836 1272 1079 1314 commiserunt,
1108 1272 1143 1306 &
1163 1270 1257 1305 multi
1282 1271 1402 1320 Pagani

365 1329 397 1363 in
419 1328 491 1376 ipso
509 1326 612 1375 prelio
637 1327 758 1361 mortui
777 1326 848 1360 sunt
865 1327 899 1360 &
917 1325 1085 1361 vulnerati.
1113 1323 1283 1370 videntes,
1310 1325 1402 1372 quod

365 1382 564 1429 inceperant,
585 1379 628 1415 ad
641 1379 742 1415 finem
756 1378 934 1428 perducere
952 1380 1087 1414 minime
1100 1384 1111 1408 5
1126 1376 1230 1425 poffe,
1246 1377 1288 1412 ad
1302 1378 1402 1414 castra

366 1434 531 1470 redierunt
549 1433 694 1468 dicentes
712 1432 869 1468 soldano:
888 1436 1032 1478 Domine,
1052 1435 1101 1479 isti
1111 1433 1215 1479 sclavi
1219 1433 1295 1478 sunt
1312 1435 1402 1478 impij

365 1490 396 1524 6·
418 1489 554 1524 crudeles
584 1487 615 1522 δ’
633 1502 691 1534 per
717 1490 777 1523 vim
799 1500 939 1533 quattuor
964 1485 1199 1534 manganellos⁶
1218 1498 1320 1520 contra
1348 1498 1403 1520 nos

358 1546 503 1589 fixerunt,
523 1555 588 1585 nos,
610 1545 642 1576 in
656 1554 795 1587 quantum
810 1554 961 1588 poterant,
979 1542 1198 1586 interficientes.

415 1596 511 1631 XLV.
546 1597 579 1629 ln
592 1601 605 1622 7
626 1594 740 1629 ultima
763 1593 975 1629 hebdomada
996 1591 1194 1640 Septembris
1207 1591 1272 1627 ng
1302 1604 1401 1628 naves

368 1649 617 1698 peregrinorum
633 1646 828 1683 recefferunt
845 1660 863 1682 a
881 1659 979 1695 portu
996 1647 1214 1694 Paganorum‚
1235 1646 1269 1680 &
1262 1645 1402 1701 Pagani

369 1714 544 1738 renuerunt
561 1703 703 1749 paelum.
734 1701 768 1736 Et
785 1713 863 1736 tunc
885 1713 1002 1735 omnes
1021 1689 1400 1747 Babylonenses‚13gyp-

366 1757 452 1800 tiaci,
466 1756 601 1804 parvi&
612 1755 737 1803 magni,
752 1755 850 1790 etiam
859 1754 1020 1797 mulieres,
1033 1763 1193 1788 venerunt
1203 1752 1237 1786 in
1247 1751 1400 1787 auxilium

368 1809 583 1858 Paganorum

239 1869 299 1900 Sept·
311 1876 348 1899 25·
412 1862 520 1898 XLVI.
541 1862 671 1910 Qinto
688 1860 741 1896 die
755 1873 893 1896 exeunte
906 1858 1103 1907 Septembris
1120 1870 1280 1897 venerunt
1293 1858 1399 1894 Sarra·

363 1916 435 1950 ceni
453 1927 528 1951 ante
561 1913 714 1950 fossatum
733 1913 993 1949 Christianorum
1016 1914 1061 1958 &,
1087 1912 1164 1959 quia
1181 1912 1279 1959 pauci
1307 1924 1400 1947 erant

362 1967 546 2012 Christiani,
574 1980 632 2015 per
649 1968 731 2003 vires
759 1966 1014 2014 explanaverunt
1031 1963 1195 2000 foffatum.
1224 1963 1399 1999 Christiani

400 2084 410 2100 1
426 2075 452 2100 P.
469 2083 513 2100 om.
526 2089 561 2093 -
575 2084 589 2100 2
605 2075 630 2100 P.
652 2073 791 2100 ambulant.
807 2089 841 2093 —
854 2082 866 2105 3
886 2075 911 2099 P.
930 2081 974 2099 om.
987 2087 1020 2106 ,-
1037 2082 1053 2104 4
1070 2073 1096 2098 P.
1113 2080 1158 2098 om.
1175 2086 1209 2090 —
1224 2081 1236 2105 5
1251 2072 1278 2097 Ρ.
1291 2070 1397 2096 minime

363 2114 508 2148 producere.
522 2128 557 2132 —
571 2115 585 2138 6
600 2114 625 2139 P.
641 2121 789 2147 manganos.
804 2128 836 2132 —
851 2122 864 2144 7
882 2111 975 2138 ‘Textus
986 2112 1060 2146 noster
1072 2112 1136 2145 deest
1142 2111 1168 2137 in
1182 2112 1206 2137 P.
1218 2111 1291 2137 ablu
1304 2109 1398 2135 ultima

363 2154 437 2188 usque
449 2155 477 2179 1n
490 2153 530 2179 die
544 2153 687 2179 festivitatis.
706 2167 736 2172 -
753 2156 766 2178 8
781 2154 818 2178 M.
830 2154 891 2179 add.
906 2152 1061 2178 invenerunt.
