1624 2788
387 219 453 257 140
682 217 875 243 IOHANNI-:s
893 217 943 243 DE
961 217 1117 244 TULBIA.

382 327 489 362 clerici
500 327 616 363 &laici
629 328 758 363 fuerunt
767 329 971 377 congregati,
981 329 1015 364 &
1027 341 1104 364 vera
1116 341 1193 364 crux
1204 341 1280 364 cum
1292 328 1411 364 vexillo

382 379 568 424 anteibant,
584 382 829 416 &intraverunt
843 381 1007 417 civitatem
1021 381 1189 417 laudantes
1201 381 1366 417 Christum
1377 383 1412 417 δε

382 434 515 468 Beatam
531 434 667 469 Mariam
684 435 719 469 &
732 446 847 469 omnes
865 435 1011 480 Sanrstos,
1030 437 1064 470 &
1081 437 1111 470 Τ
1109 450 1124 470 e
1136 437 1236 469 Deum
1255 436 1411 471 laudamus

382 489 417 522 &
435 488 547 523 Gloria
566 491 596 522 in
619 487 735 536 'excelsis
752 491 821 522 ‘Deo
839 487 1002 535 plorando
1028 501 1086 536 pte
1110 487 1235 536 gaudio
1261 500 1413 525 cantave-

383 553 468 585 runt,
494 539 572 575 ficut
589 553 692 576 mater
715 540 757 575 de
774 539 891 576 atniffo
909 540 989 586 filio,
1013 554 1054 576 eo
1074 542 1211 578 invento
1229 540 1271 576 de
1288 541 1413 591 gaudio

382 594 501 642 plorat,
522 593 563 628 fic
576 594 685 629 sancia
700 593 842 638 ecclefia‚
861 607 924 641 que
942 595 986 629 est
1003 607 1106 630 mater
1120 595 1238 640 nostra,
1255 608 1322 630 una
1338 607 1415 630 cum

382 646 454 681 filiis
470 647 530 681 suis
545 646 586 681 de
608 647 859 695 recuperacione
873 648 1026 682 Damiate
1039 647 1128 683 letati
1142 648 1282 692 fuerunt,
1300 649 1415 696 &ipse

384 699 536 735 dominus
563 700 687 749 legatus
706 699 879 735 celebravit
895 699 1025 736 miffam
1050 701 1092 736 ad
1119 701 1283 737 honorem
1300 703 1364 738 Dei
1381 704 1415 737 &

384 755 479 789 Beate
495 754 596 789 Marie
614 755 648 789 ὅ(
665 754 816 788 omniurn
833 754 1026 789 Sanc'lorum
1043 756 1078 789 &
1095 753 1173 790 ficut
1188 756 1223 790 in
1240 755 1294 790 illa
1313 754 1365 790 die
1380 756 1416 790 in

384 807 509 855 templo
526 807 703 842 luminariis
728 807 788 841 fuit
804 808 1013 854 presentatus,
1039 809 1084 843 ita
1098 808 1271 843 Christiani
1288 807 1416 843 obtule-

384 873 458 895 runt
485 859 676 895 sacrificium
703 861 777 894 Deo
805 861 838 894 in
866 861 1020 896 Damiata
1045 862 1290 897 inmaculatum.
1320 863 1416 898 Tunc

385 914 589 961 completum
617 914 660 948 est
685 914 719 948 in
743 914 908 957 Damiata,
927 912 1006 949 ficut
1030 914 1148 950 dicitur
1169 916 1203 950 in
1222 915 1416 964 evangelioz

384 965 488 1000 homo
506 967 642 1014 quidam
660 966 771 1002 habuit
789 966 872 1001 duos
887 966 969 1002 filios
987 969 1021 1002 δε
1034 981 1117 1003 unus
1131 968 1271 1004 militum
1288 981 1416 1017 tempus

385 1020 461 1055 vixit
483 1020 642 1055 luxuriose
668 1022 703 1055 δε
728 1021 866 1068 perierat
882 1022 916 1055 δε
941 1021 1128 1056 recordatus
1156 1022 1200 1057 est
1216 1023 1251 1057 &
1267 1022 1357 1058 venit
1373 1022 1417 1057 ad

384 1073 572 1109 mercedem
585 1075 683 1122 patris
698 1074 755 1119 sui,
773 1075 807 1108 ὅ(
821 1074 888 1121 ipse
903 1074 1062 1110 interfecit
1078 1075 1218 1110 vitulum
1234 1075 1417 1124 saginatum

384 1128 419 1161 &
436 1127 610 1163 celebravit
627 1128 762 1175 nupcias
780 1128 882 1172 (Luc.,
900 1138 962 1171 XV,
989 1137 1064 1175 ¹¹²3
1073 1132 1118 1176 2).
1149 1131 1192 1164 lta
1209 1130 1292 1176 patri
1312 1129 1417 1164 celesti

385 1180 518 1227 placuit,
536 1193 660 1229 agnum
689 1179 753 1216 fine
780 1181 909 1216 macula
925 1179 981 1215 fibi
1003 1180 1068 1216 effe
1091 1180 1252 1227 oblatum,
1284 1184 1329 1228 &‚
1362 1181 1418 1217 ubi

386 1236 554 1271 Mahumet
583 1233 751 1269 colebatur
781 1234 881 1282 usque
909 1248 998 1270 nunc
1015 1234 1103 1270 dieta
1131 1236 1174 1270 est
1205 1236 1415 1280 macomeria,

387 1289 492 1325 modo
512 1288 554 1324 de
572 1288 683 1338 gracia
702 1287 788 1323 dieta
806 1288 850 1323 est
869 1289 962 1338 virgo
981 1289 1091 1325 Maria.
1111 1291 1229 1325 Amen.
