1624 2788
412 212 478 261 164
654 222 766 248 LIBER
784 222 935 248 DUELLII
953 222 1182 249 CHRISTIANI

332 348 390 373 1219
404 331 549 366 totondit
567 330 704 366 barbam
727 331 827 377 suam,
851 333 886 367 δε
908 344 1023 367 omnes
1048 332 1095 367 sui
1121 331 1266 368 fecerunt
1294 330 1433 369 {imiliter

402 386 437 420 &
454 384 574 420 caudas
586 398 748 432 equorum
762 397 1002 428 truncaverunt,
1015 386 1051 420 &
1062 385 1128 433 ipse
1143 384 1295 420 soldanus
1307 385 1432 422 lamen-

402 438 505 473 tando
521 438 619 473 dixit:
648 440 677 473 0
700 441 859 482 Damiata,
880 441 970 485 usque
986 453 1062 473 nunc
1070 441 1167 484 fuzsti
1184 440 1303 475 lucerna
1324 442 1431 487 Paga·
1445 449 1461 474 f.
1475 450 1549 474 182b.

401 505 516 534 norum,
551 493 639 526 modo
667 493 821 538 obscurata
853 505 884 526 es
910 494 947 526 ab
972 494 1035 526 eis!
1069 493 1153 539 Qid
1172 495 1296 538 faciam
1320 495 1430 540 raner!

404 545 506 591 Qare
522 546 643 590 nonfui
663 547 816 590 exstincqus
830 546 962 581 in.vulva
975 548 1082 579 matris
1096 550 1179 580 mee?
1197 549 1252 580 osu
1267 560 1331 580 cum
1344 559 1431 583 natus

392 601 459 644 fui,
477 611 567 643 quare
580 611 637 632 non
646 601 751 643 statim
759 602 853 644 perii,
869 611 1022 644 antequam
1031 599 1091 644 sub
1109 600 1245 634 dominio
1262 613 1326 634 meo
1340 603 1431 647 virgo

401 654 549 685 ‘Damiata
566 666 584 685 α
603 652 783 696 Christianis
799 652 868 697 effe!
885 653 1000 686 violata
1011 656 1027 685 ?
1052 651 1086 686 Et
1103 651 1199 688 dixit:
1221 656 1332 688 Pereat
1353 655 1430 698 dies,

401 706 432 738 in
457 718 514 750 qua
534 707 698 750 amassai,
724 707 790 740 dies
817 706 874 739 illa
899 719 956 740 non
974 719 1142 740 numeretur
1167 710 1197 741 in
1224 708 1329 741 diebus
1360 709 1432 742 anni

401 756 487 802 (lob,
502 768 554 802 111,
571 759 659 805 3-6)‚
673 762 743 804 quia
767 760 855 793 multi
871 761 1021 806 obscurati
1030 763 1088 806 five
1105 762 1214 794 mortui
1223 761 1298 806 sunt
1317 762 1348 794 in
1367 763 1432 805 istis

401 811 522 846 diebus!
547 812 716 847 Venerunt
744 825 853 846 autem
879 811 922 847 ad
948 826 1023 847 eum
1041 812 1228 848 Coradinus
1253 814 1288 847 &
1312 813 1431 858 byses,

401 863 512 899 fratres
531 865 587 909 sui,
605 865 810 900 consolantes
828 879 905 900 eum
922 866 956 900 &
974 864 1136 901 dicentes:
1156 868 1300 909 Domine,
1325 879 1356 900 ut
1369 881 1433 901 cer-

400 920 508 962 nimus,
527 921 675 953 ‘Dumium
689 922 727 964 qst
744 933 762 952 a
777 920 861 953 nobis
886 920 1031 963 alienata,
1050 920 1158 953 melius
1176 922 1273 965 igitur
1289 923 1329 964 est
1346 921 1433 954 nobis

399 972 499 1005 redire
517 971 547 1005 ὃ·
560 973 694 1017 reliquas
710 974 849 1006 civitates
867 973 978 1006 Karum
993 972 1023 1006 δ’
1039 973 1233 1007 Ἐαῦἰῖοηίαηι
1247 973 1277 1007 6*
1291 974 1432 1008 cAlexan-

400 1025 498 1058 driam
512 1028 636 1067 munire,
649 1039 735 1070 quam
749 1027 886 1070 hicstare
899 1025 930 1059 6·
944 1026 1159 1071 desolationem
1173 1030 1299 1072 nostram
1312 1028 1431 1061 videre!

402 1077 498 1124 {gitur
523 1077 599 1112 inde
623 1078 654 1113 se
680 1091 861 1122 moventes,
890 1078 1035 1126 hospicia
1061 1079 1114 1113 sua
1132 1091 1170 1114 ac
1187 1079 1276 1114 villas
1303 1092 1430 1124 omneS‚

399 1132 507 1166 vicina
521 1144 656 1178 quoque
674 1132 795 1166 civitati
808 1132 1012 1179 receptacula
1030 1133 1144 1167 omnia
1161 1146 1180 1167 a
1195 1133 1323 1168 civitate
1337 1145 1433 1181 capta

399 1184 481 1218 infra
503 1185 648 1232 quinque
673 1184 774 1220 dietes
800 1185 1025 1232 exspoliantes,
1050 1186 1180 1233 penitus
1202 1199 1432 1222 concremave-

400 1249 485 1282 runt,
503 1237 609 1285 sicque
628 1252 647 1273 a
667 1239 749 1273 facie
771 1238 879 1274 nostra
898 1237 1101 1274 recesserunt.

612 1350 662 1381 ‘De
680 1348 808 1394 ingnffu
826 1351 988 1392 nostrorum
1004 1351 1035 1381 in
1049 1350 1217 1382 civitatem.

447 1454 617 1490 LVn-le.
649 1454 755 1489 Nostri
776 1466 896 1498 autem,
925 1454 1092 1489 civitatem
1117 1454 1284 1498 intrantes,
1316 1466 1431 1489 aurum

398 1508 562 1543 infinitum
579 1509 771 1543 invenerunt
784 1509 819 1542 &
832 1519 1014 1556 argentum,
1040 1508 1114 1542 vasa
1134 1520 1267 1554 quoque
1284 1520 1381 1542 aurea
1397 1509 1432 1542 &

398 1574 551 1609 argentea
569 1562 603 1595 ὃς
621 1574 692 1596 erea
712 1563 746 1596 &
764 1573 959 1596 ornamenta
976 1561 1070 1595 omni
1088 1560 1295 1595 metallorum
1313 1573 1432 1608 genere

398 1616 432 1649 &
449 1613 513 1649 fine
539 1627 677 1649 numero
704 1615 798 1650 fasta.
830 1617 1023 1650 Invenerunt
1047 1615 1146 1648 etiam
1173 1614 1372 1649 frumentum
1397 1615 1432 1649 &

398 1666 538 1702 ordeum
555 1670 589 1703 &
607 1668 717 1703 oleum
736 1669 770 1702 ὅς
792 1667 924 1715 tapetia,
946 1666 1105 1710 bancalia,
1133 1679 1262 1714 pannos
1286 1666 1430 1716 firigatos

398 1723 432 1756 &
451 1721 563 1756 omnia
581 1720 755 1756 necessaria
778 1721 820 1756 ad
838 1722 930 1756 usum
948 1722 1012 1756 vite
1030 1733 1136 1768 preter
1154 1722 1278 1765 vinum,
1306 1733 1373 1768 quo
1396 1721 1431 1754 &

397 1775 563 1810 Sarraceni
585 1787 652 1809 non
673 1787 803 1810 utuntur
821 1787 881 1810 nec
910 1775 1048 1822 porcina
1064 1787 1170 1810 carne.
1202 1774 1428 1809 Machometus

398 1829 529 1872 etenim,
555 1841 670 1863 eorum
695 1829 774 1877 legis
800 1828 896 1873 lator,
921 1841 1045 1873 vetem,
1073 1841 1115 1863 ne
1141 1828 1184 1862 sui
1205 1827 1354 1875 discipuli
1372 1828 1428 1863 ali-

399 1881 533 1928 quando
552 1881 635 1916 forte
653 1894 709 1929 per
726 1880 913 1916 ebrietatem
932 1882 1022 1916 suam
1042 1879 1220 1916 nefandam
1237 1880 1428 1929 detegerent

398 1935 528 1979 seciam,
554 1934 595 1970 ab
614 1935 669 1969 usu
682 1935 748 1970 vini
764 1947 820 1970 eos
834 1935 961 1981 prorsus
979 1933 1127 1979 inhibuit,
1145 1932 1252 1981 sicque
1270 1934 1368 1981 usque
1386 1935 1429 1970 ad

398 1989 559 2035 presentes
577 1989 656 2036 legis
682 2001 744 2023 nec
761 1989 884 2023 sannio
913 1987 1039 2023 inscissa
1070 1989 1234 2036 pertinuit.
1266 1987 1429 2023 Carnibus

398 2041 537 2077 similiter
554 2055 622 2076 non
640 2042 810 2078 vescuntur
828 2042 970 2089 porcinis
989 2041 1034 2077 ob
1052 2042 1182 2077 causam
1200 2041 1349 2077 devorati
1360 2042 1428 2077 Ma-

398 2094 541 2132 chometi
559 2095 604 2131 sui
621 2109 639 2130 a
659 2096 775 2145 porcis,
805 2095 934 2131 Omnes
960 2090 1069 2131 autem
1087 2108 1146 2140 res,
1172 2095 1205 2130 in
1234 2095 1365 2131 civitate
1382 2096 1429 2131 in-
