1624 2788
71 1103 96 1126 P.
109 1102 124 1125 f.
136 1103 178 1126 108
187 1102 212 1125 B.

70 1133 129 1157 Mur.
140 1142 161 1164 p.
175 1133 240 1157 108⁶.

556 240 761 266 OBSIDIONIS
787 240 985 267 DAMIATE.
1237 241 1283 280 75

261 345 350 390 bant,
372 346 428 392 qui
447 344 597 380 vistualia
614 345 649 378 ὃ(
665 344 778 378 omnia
794 342 967 378 necessaria
984 343 1083 390 usque
1101 342 1142 378 ad
1161 356 1286 378 annum
1302 354 1359 376 1218

260 397 378 433 habere
398 397 597 434 dicebantur.
620 400 653 432 In
671 397 800 432 civitate
816 409 894 432 vero
913 397 1066 431 Damiate
1090 408 1151 431 tres
1169 397 1285 432 amira-

260 453 334 500 gios
352 453 387 486 &
397 464 416 486 c
430 458 439 474 ¹
462 451 578 486 milites
587 449 713 485 nobiles
726 451 760 484 δε
773 461 923 497 potentes
937 462 997 496 pro
1010 450 1077 483 eius
1104 450 1286 486 munitione

261 504 413 539 soldanus
431 505 569 549 miserat,
595 504 651 550 qui
666 504 770 550 ipsam
792 502 904 538 urbem
926 502 1103 538 defendere
1120 504 1154 537 ὃ(
1172 517 1286 539 manu-

261 570 370 593 tenere
385 570 542 592 curarent.
573 556 723 592 Similiter
747 555 900 591 militibus
917 558 951 590 &
963 563 976 578 ²
989 555 1168 604 peditibus,
1196 555 1288 590 balis-
1326 552 1331 556 ’

262 611 346 646 tar-iis
363 612 397 645 &
414 610 582 659 sagittariis
599 608 887 645 innumerabilibus
913 622 980 644 erat
1005 609 1103 657 plena
1119 610 1237 657 pariter
1254 610 1289 644 &

262 665 396 699 munita.
422 666 578 711 Anqnam
591 670 603 693 3
615 665 649 698 &
675 676 786 698 carnes
809 664 842 697 &
856 663 916 697 alia
929 663 1080 698 vieiualia
1098 662 1289 698 sufficienter

261 716 304 752 ad
321 730 426 752 annos
445 716 527 751 duos
544 715 662 751 habere
684 715 977 764 cognoscebantur.
1004 719 1036 750 ln
1054 715 1154 752 fluvio
1172 729 1250 751 vero
1261 722 1278 745 4

262 783 323 806 tres
349 782 478 805 catenas
498 770 683 817 posuerant,
713 782 776 816 que
802 769 901 815 usque
925 767 968 803 ad
998 769 1133 803 civitatis
1159 782 1288 803 murum

261 823 415 859 tenebant
432 825 488 867 ita,
509 822 599 870 quod
619 822 705 857 nulla
720 823 810 857 navis
820 835 878 869 per
892 821 1032 856 fluminis
1045 835 1166 869 aquam
1180 821 1222 856 ad
1238 836 1288 857 ur-

261 876 338 912 bem
347 875 501 912 accedere
509 888 647 924 poterat.
655 876 740 910 Licet
750 875 970 924 graviffimum
979 876 1013 909 &
1023 873 1252 909 difficillimum
1265 881 1276 905 5

262 930 450 965 Christianis
468 928 638 971 videretur,
666 941 785 971 tamen,
805 927 938 963 confilio
952 929 965 950 ⁶
977 929 1233 971 communicato,
1247 927 1290 963 ad

262 982 442 1031 predizffiam
457 995 576 1017 turrem
589 981 844 1030 expugnandam
857 982 888 1016 se
898 994 1158 1029 preparaverunt.
1172 982 1287 1016 Statim

263 1037 362 1071 scalas
375 1037 406 1071 in
421 1035 556 1071 navibus
569 1034 818 1070 innumerabiles
831 1035 937 1082 primo
949 1034 1001 1069 die
1014 1033 1128 1070 mensis
1143 1035 1208 1079 lulij
1221 1035 1287 1070 fieri
1303 1043 1344 1065 lul*
1359 1050 1377 1066 ι.

265 1089 548 1133 fecerunt,&cum
555 1087 627 1136 ipsis
645 1088 687 1123 ad
705 1100 824 1123 turrem
842 1087 1033 1123 accedentes
1049 1087 1144 1133 ipfius
1161 1089 1253 1123 turris
1265 1095 1278 1116 7

265 1155 360 1178 muro
381 1143 466 1189 ipsas
488 1142 584 1176 scalas
607 1142 838 1189 apposuerunt,
868 1154 943 1188 que,
965 1155 1041 1176 curn
1059 1141 1176 1189 ipsius⁸
1195 1153 1288 1176 muro

264 1194 411 1243 apposite
425 1194 564 1240 fuissent,
578 1194 691 1230 divino
706 1195 839 1229 numine
851 1201 864 1223 9
878 1194 975 1229 fraele
993 1195 1132 1237 fuerunt,
1149 1196 1183 1228 &
1201 1206 1289 1239 tunc,

264 1248 376 1284 ficut¹0
389 1249 610 1296 omnipotenti
623 1249 697 1283 Deo
711 1248 843 1295 placuit,
861 1260 993 1282 centum
1007 1248 1123 1283 milites
1136 1249 1170 1282 &
1186 1259 1289 1295 nepos

264 1301 355 1337 ducis
373 1301 414 1336 de
431 1301 650 1337 Osterica¹¹in
668 1314 753 1348 aqua
772 1300 963 1335 summersi¹2
980 1301 1118 1336 fuerunt.

313 1356 365 1391 lV.
383 1354 539 1390 Videntes
553 1366 661 1389 autem
676 1354 848 1389 Christiani
865 1354 930 1388 hoc
949 1354 1174 1398 infortunium,
1193 1352 1289 1389 valde

264 1409 335 1444 sunt
343 1408 558 1443 contristati&
566 1407 743 1455 plurimum
751 1408 915 1455 perterriti.
921 1407 1046 1442 Verum
1055 1420 1163 1442 tamen
1173 1408 1289 1442 virtute

264 1462 403 1497 Domini
415 1461 512 1495 nostri
523 1460 608 1495 lhesu
622 1467 647 1490 ι3
660 1460 788 1505 Christi,
806 1474 824 1495 a
837 1474 904 1508 quo
919 1463 1036 1495 cunt‘la
1047 1460 1241 1508 procedunt,
1255 1462 1288 1495 &

264 1513 328 1550 fine
343 1527 410 1562 quo
425 1513 470 1549 nil
482 1513 549 1549 fieri
564 1513 676 1561 petest,
694 1514 844 1562 instigati,
857 1514 890 1548 in
906 1514 985 1548 festo
999 1514 1107 1549 Sanc'ti
1121 1514 1288 1548 Bartholo-
1303 1525 1360 1553 Aug.
1373 1531 1409 1553 24.

263 1568 328 1603 mei
345 1567 482 1615 apostoli
495 1566 593 1602 scalas
607 1566 797 1602 firmiffimas
811 1567 889 1601 mire
904 1566 1137 1615 magnitudinis
1150 1568 1184 1601 δε
1200 1567 1288 1602 forti-

264 1620 384 1655 tudinis
396 1620 464 1655 fieri
478 1620 622 1655 fecerunt
635 1621 669 1654 &
686 1621 876 1668 navigantes
893 1619 935 1654 ad
952 1620 1056 1667 ipsam
1071 1621 1182 1654 turrim
1196 1633 1288 1655 acce-

264 1673 376 1709 dentes
391 1674 487 1708 scalas
504 1672 598 1721 ipsius
618 1673 710 1707 turris
726 1685 821 1707 muro
840 1686 897 1720 per
912 1674 979 1707 vim
993 1673 1177 1720 posuerunt.
1197 1674 1289 1720 Qas

264 1739 340 1762 cum
357 1727 475 1774 Pagani
493 1725 649 1769 viderent,
668 1725 755 1760 illico
774 1727 887 1774 ignem
903 1727 936 1760 ὅ(
954 1725 1105 1761 sulfurem
1119 1727 1289 1762 accensum

264 1781 358 1827 super
370 1779 414 1814 eis
431 1778 623 1826 iniquissime
637 1780 853 1826 proiecerunt,
872 1781 906 1814 &
925 1792 991 1814 tam
1011 1779 1134 1814 fortiter
1148 1781 1230 1827 ignis
1245 1780 1288 1815 est

264 1833 428 1877 accensus,
446 1831 538 1879 quod
555 1831 596 1867 ab
614 1831 765 1867 omnibus
783 1833 865 1867 scale
883 1831 1075 1867 videbantur
1094 1832 1252 1868 comburi.
1262 1841 1290 1863 ¹4

265 1887 346 1935 Qo
365 1886 444 1928 viso,
471 1885 645 1920 Christiani
666 1884 760 1920 valde
786 1887 944 1933 perterriti
968 1886 1209 1933 plurimumque
1227 1899 1289 1920 tur-

303 2010 312 2025 1
337 2002 362 2026 Ρ.
373 2009 417 2026 om.
429 2015 463 2019 —
480 2010 490 2024 1
506 2000 530 2025 P.
545 2009 587 2025 om.
603 2015 635 2019 —
650 2009 662 2031 3
678 2000 714 2025 M.
728 2008 816 2025 anona.
832 2015 866 2018 —
879 2001 942 2031 4M.
953 2001 1012 2025 add.
1027 2015 1061 2019 —
1077 2000 1127 2033 51².
1142 2001 1201 2026 add.
1215 2009 1239 2026 a.
1254 2016 1289 2020 —-

265 2055 300 2060 —
313 2044 327 2065 ⁶
341 2040 366 2065 1³.
381 2040 503 2066 conscilio,
522 2054 552 2058 —
570 2048 583 2070 7
598 2039 710 2073 P.suppl.
727 2039 798 2074 ipsius
813 2039 891 2064 turris.
910 2054 945 2058 —-
964 2042 976 2064 8
995 2041 1017 2065 P.
1031 2040 1081 2074 ipfi.
1095 2055 1129 2059 -—
1143 2050 1157 2072 9
1173 2041 1206 2066 M
1228 2043 1281 2066 add

265 2080 336 2106 inico.
351 2094 387 2099 ——
406 2089 435 2105 ιο
450 2080 475 2104 P.
493 2079 560 2105 ficut.
575 2094 606 2098 —
627 2089 649 2104 ιι
666 2079 691 2104 Ρ.
707 2080 847 2111 Hossarica3
864 2080 899 2105 Μ.
913 2080 1042 2105 flostirica.
1057 2094 1087 2099 -—
1104 2089 1134 2106 η
1147 2081 1170 2105 P.
1183 2080 1287 2106 sumtrsi.

266 2135 299 2140 —
316 2128 344 2153 ¹3
361 2120 398 2145 M.
415 2119 475 2145 lesu.
488 2134 522 2138 —
539 2129 570 2151 ¹4
583 2119 608 2145 P.
624 2118 682 2154 tegit
699 2120 810 2145 comburi
825 2119 980 2146 videbantur.
