1624 2788
395 268 445 294 DE
464 266 638 293 lonANNE
658 265 758 292 REGE
776 264 1000 292 IERUSALEM.
1152 264 1216 302 129

248 378 375 414 XXXII.
394 377 428 412 Et
440 377 474 412 in
487 377 633 424 sequenti
646 375 699 410 die
716 387 872 423 ceperunt
889 374 1052 410 extrahere
1070 386 1160 408 catos
1178 373 1220 409 ad
1232 358 1308 414 i31i99.

201 432 310 466 menia
324 438 333 454 ¹
356 431 504 474 civitatis,
533 430 608 478 quia
629 428 784 465 nolebant
801 441 840 463 ex
857 430 948 463 omni
965 440 1055 476 parte
1069 428 1221 463 insultum

201 484 278 520 dare
293 485 423 519 civitati.
444 486 475 518 In
494 486 612 519 o6iava
628 482 755 518 decima
773 481 824 517 die
843 482 908 526 Iulij
926 494 994 517 erat
1011 493 1099 516 catus
1117 481 1223 516 noster
1235 491 1276 513 lul.
1291 490 1325 513 18.

200 550 276 573 ante
301 536 454 572 foffatum
475 537 610 572 civitatis
639 538 674 571 &
696 537 762 570 iam
787 534 955 583 implebat,
982 548 1058 570 cum
1083 535 1224 582 peccatis

201 591 458 626 Christianorum
485 591 519 624 &
543 588 744 636 simplicitate
771 589 889 637 Pagani
916 589 1001 623 foras
1030 589 1174 624 exierunt
1190 589 1224 622 ἃ

201 657 310 680 catum
329 655 562 687 cremaverunt,
579 644 614 677 ὃ(
631 642 722 677 multi
737 655 775 677 ex
792 643 906 676 nostris
921 642 1077 677 vulnerati
1091 643 1125 676 ἀ
1138 654 1224 676 mor-

201 698 247 733 tui
270 697 409 740 fuerunt,
437 698 471 731 ὅ(
497 695 679 743 dampnum
696 694 815 730 accidit
840 695 1036 740 Christianis,
1055 696 1089 729 &
1107 694 1224 743 Pagani

200 751 329 786 fixerunt
346 750 482 785 exaltati.
968 796 970 798 Ι

248 803 386 839 XXXIII.
417 806 450 838 In
467 803 520 839 die
540 804 634 838 Beate
662 803 842 850 Margarete
871 802 1002 850 virginis
1019 815 1225 837 armaverunt
1237 818 1278 841 1111,
1291 825 1328 840 20.

202 856 372 892 Christiani
390 857 508 892 cochas
526 869 602 891 cum
618 856 708 890 scalis
725 857 759 890 &
771 868 829 903 per
843 854 963 890 flumen
979 856 1154 902 posuerunt
1171 869 1225 890 eas

200 908 243 944 ad
260 923 390 945 murum
406 910 552 953 civitatis,
570 911 605 945 δε
622 909 667 944 illi
684 922 759 944 cum
774 910 918 957 petrariis
933 911 1054 958 &igne
1069 910 1099 944 se
1113 908 1223 943 defen-

201 962 324 998 derunt.
349 964 444 998 Tunc
460 964 623 999 Sarraceni
642 965 677 998 ὅ(
694 964 784 1010 pueri
810 976 924 998 eorum
943 962 1152 998 extrahebant
1169 961 1225 997 fibi

200 1017 345 1065 capillos,
361 1018 396 1052 ὅ(
413 1030 535 1052 nomen
555 1017 692 1051 deorum
717 1017 846 1051 suorum
864 1016 1063 1051 invocabant
1084 1018 1117 1051 ἃ
1137 1015 1225 1050 dice-

199 1068 295 1104 bant:
313 1071 439 1104 eAdiuva
462 1083 526 1112 nos,
547 1071 745 1113 mahumeth,
773 1073 854 1114 quia,
867 1074 897 1117 fi
919 1072 1083 1115 Chrzfliani
1103 1073 1225 1117 capium

200 1124 388 1167 Damiamm,
413 1136 467 1158 nos
489 1126 599 1157 mortui
615 1124 737 1169 sumus,
767 1123 798 1157 δ’
829 1136 931 1157 nomen
963 1122 1056 1157 Tuum
1083 1137 1139 1158 non
1167 1126 1226 1158 erit

200 1177 280 1211 ultra
310 1179 486 1219 invocatum,
510 1177 541 1211 δ’
570 1180 712 1211 memoria
739 1177 803 1211 ‘Tua
822 1178 948 1222 peribit,
974 1176 1004 1210 δ’
1033 1190 1135 1211 nomen
1163 1179 1226 1210 ‘Dei

202 1230 439 1275 Christianorum
464 1232 522 1264 erit
539 1231 698 1264 exaltatum
717 1230 748 1264 δ’
765 1231 892 1264 manebit
918 1232 949 1264 in
972 1231 1124 1264 eternum!
1149 1229 1226 1263 I-Ioc

201 1281 315 1317 videns
333 1282 484 1317 soldanus
501 1284 639 1318 cucurrit
650 1282 691 1317 ad
706 1283 913 1330 caliphum&
923 1282 1015 1317 dixit:
1029 1285 1082 1326 En,
1095 1284 1224 1326 domine,

202 1348 289 1382 capta
306 1339 344 1382 2ss
368 1339 532 1370 Dumium!
550 1336 584 1370 Et
599 1337 665 1383 ipse
683 1337 820 1383 proiecit
837 1337 867 1371 se
885 1337 917 1370 in
937 1349 1054 1370 terram
1074 1337 1108 1371 &
1129 1335 1225 1371 dixit:

202 1389 282 1432 Heu,
300 1392 366 1433 heu,
384 1403 484 1424 eamus
500 1403 599 1424 omnes
615 1390 646 1424 δ’
664 1393 827 1424 moriamur
843 1404 906 1424 cum
924 1391 1014 1424 illis!

251 1442 398 1477 XXXIV.
424 1441 458 1476 Et
474 1454 630 1477 venerunt
647 1454 723 1476 cum
740 1443 957 1490 mangonellis
975 1444 1009 1478 δε
1026 1455 1102 1478 cum
1121 1444 1226 1478 omni-

203 1492 262 1529 bus
287 1495 383 1529 armis
407 1496 442 1529 &
474 1507 550 1529 cum
573 1507 643 1530 tota
670 1494 876 1531 multitudine
906 1497 1109 1544 sagittarum,
1136 1495 1227 1543 quod

184 1560 376 1583 ,numerum
394 1559 461 1582 non
478 1547 628 1592 habebat,
641 1549 721 1583 &in
739 1549 793 1584 illa
807 1548 860 1584 die
878 1549 937 1584 fuit
955 1549 1025 1584 talis
1043 1550 1227 1597 persecucio

204 1600 238 1634 &
259 1600 322 1635 tale
343 1601 490 1649 prelium,
517 1602 612 1649 quale
636 1602 740 1636 nullus
762 1602 865 1636 homo
886 1602 967 1637 vidit
987 1615 1166 1649 nunquam,
1193 1604 1227 1637 &

204 1654 324 1688 mortui
345 1655 379 1689 &
403 1655 559 1689 vulnerati
586 1655 715 1689 fuerunt
739 1655 832 1690 multi
848 1655 1031 1700 Christiani,
1055 1657 1089 1691 &
1106 1655 1147 1691 de
1169 1656 1228 1690 illis

204 1705 375 1754 plusquam
402 1706 529 1742 duobus
555 1707 692 1743 milibus.

252 1760 386 1795 XXXV.
395 1759 539 1795 Extrema
548 1759 601 1795 die
611 1761 676 1805 Iulij
687 1761 802 1795 iterum
809 1761 982 1796 Christiani
991 1762 1141 1796 insultum
1151 1763 1227 1797 civi·
1241 1776 1282 1799 Iul.
1296 1783 1331 1806 31.

204 1813 261 1848 tati
275 1811 442 1848 dederunt.
466 1815 499 1848 In
513 1813 639 1848 summo
655 1826 751 1848 mane
765 1814 849 1848 scala
861 1813 902 1849 de
915 1814 1029 1850 Pisanis
1043 1814 1085 1849 ad
1099 1828 1227 1850 murum

204 1864 306 1913 pofita
317 1866 386 1909 fuit,
398 1867 432 1901 &
440 1866 558 1914 Pagani
571 1867 663 1914 super
672 1879 745 1901 eam
753 1868 864 1914 ignem
876 1868 1082 1915 proiecerunt
1094 1869 1128 1903 δι
1137 1881 1227 1903 com-

205 1917 368 1954 bufferunt
380 1931 454 1954 eam
468 1920 567 1966 usque
582 1919 802 1964 medietatem,
813 1921 847 1954 ὅ(
860 1932 920 1954 nos
934 1933 1043 1955 amare
1052 1920 1228 1969 plangeba-

204 1984 287 2015 mus,
295 1971 440 2007 videntes
450 1972 493 2007 ita
502 1973 626 2006 nostros
634 1985 787 2017 cremare,
793 1974 827 2008 ὅ(
835 1972 928 2007 multi
936 1986 974 2007 ex
982 1973 1093 2007 nostris
1103 1974 1230 2009 fuerunt

204 2024 374 2070 vulnerati,
395 2026 430 2059 &
450 2036 604 2072 quattuor
624 2025 708 2060 intus
728 2025 954 2061 remanserunt.
977 2028 1009 2060 In
1034 2025 1115 2060 hora
1132 2026 1229 2061 tercia

243 2135 253 2152 ι
272 2128 328 2153 Cod.
342 2127 471 2153 extruhere
484 2127 599 2152 meniam.

1042 2204 1071 2229 Ι7
