1624 2788
391 225 403 247 1
410 224 457 247 00
837 219 964 246 GESTA

315 349 373 372 ηις
389 332 518 377 Georgi,
542 333 645 376 accipe
668 330 809 365 vexillum
829 331 939 364 Sancqe
957 330 1076 372 Crucis,
1101 331 1169 364 veni
1186 331 1217 364 in
1231 331 1416 365 adiutorium

386 386 473 418 nobis
490 384 520 418 ὃ·
539 385 649 418 adiuva
673 397 727 418 nos
739 397 801 430 pro
819 387 884 418 eius
901 396 1012 426 amore,
1040 386 1092 428 qui
1109 385 1258 430 pependit
1277 387 1307 418 in
1332 397 1417 418 cruce

380 450 441 482 pro
470 439 579 471 nobis!
619 436 653 471 Et
682 437 828 472 exierunt
858 436 976 471 Christi
1004 435 1121 471 milites
1153 436 1247 484 super
1275 436 1349 471 illos
1383 437 1419 471 &

386 490 517 525 viriliter
541 501 724 538 pugnantes
754 490 926 525 vi&oriam
955 488 1137 524 habuerunt
1167 489 1357 533 maximam,
1384 491 1419 524 δε

386 542 449 587 ille,
477 544 534 590 qui
553 543 737 578 Dominum
760 542 1017 591 blasphemabat,
1043 555 1189 578 mortuus
1208 543 1267 578 fuit
1287 555 1365 578 cum
1377 556 1419 579 xv

387 595 542 631 militibus
562 598 595 631 ὅ(
614 595 813 644 lpeditibus,
831 598 865 632 &
879 596 975 632 multi
996 595 1169 632 Christiani
1186 598 1221 631 &
1237 597 1313 644 equi
1333 609 1421 631 mor-

388 651 435 684 tui
451 651 485 684 &
502 649 662 685 vulnerati
679 650 751 684 sunt
771 649 826 695 ibi,
846 651 881 685 &
898 649 992 685 multi
1009 650 1176 685 Sarraceni
1191 651 1226 684 &
1250 650 1369 698 Pagani
1386 650 1420 685 in

389 702 478 738 dieto
498 704 601 752 prelio
625 705 744 739 mortui
767 705 913 749 fuerunt3
944 703 1120 751 decapitati
1140 705 1175 738 &
1200 702 1422 739 dismembrati

388 756 422 791 in
445 756 577 792 sablone
599 757 759 794 iacebant.
787 759 817 792 A
831 765 840 780 ¹
864 770 931 805 quo
950 757 1053 804 prelio
1071 757 1189 805 Pagani
1213 769 1289 791 cum
1304 756 1421 792 dolore

389 812 423 845 &
453 824 580 846 merore
610 810 814 854 recesserunt,
847 813 881 846 &
910 810 1084 846 Christiani
1103 817 1116 832 2
1141 823 1219 845 cum
1254 811 1420 859 triumpho

390 865 611 900 remanserunt
625 863 794 899 laudantes
811 865 845 898 δε
861 862 1091 899 benedicentes
1109 864 1303 899 Dominum.

283 928 342 956 Aug.
355 933 376 957 5·
438 917 599 953 XXXVII.
620 920 651 951 ln
673 916 725 952 die
742 916 1073 965 Transfigurationis³
1094 917 1234 951 Domini
1252 916 1425 952 Christiani
1437 924 1471 947 M.
1481 922 1497 946 f.
1508 923 1536 954 ⁶⁵
1549 922 1575 946 Β.

391 970 445 1005 die
463 971 498 1004 &
516 972 614 1005 noe‘Qe
632 970 767 1005 civitatis
785 968 939 1004 foffatum
953 969 1088 1017 implere
1102 969 1307 1015 nitebantur3
1324 967 1425 1004 habe·
1556 966 1558 969 ’

391 1023 471 1059 bant
484 1036 627 1070 namque
641 1035 767 1071 gattum
781 1036 884 1058 unum
896 1021 1082 1058 mirabiliter
1100 1023 1330 1067 constru6ffim,
1349 1035 1425 1057 cum

392 1090 460 1124 quo
475 1078 639 1112 civitatem
654 1089 770 1125 capere
781 1075 1001 1111 indubitanter
1014 1075 1201 1112 credebant.
1215 1076 1426 1124 percipientes

392 1131 557 1165 Sarraceni
563 1131 739 1178 plurimum
747 1142 876 1179 gattum
883 1130 976 1165 illum
985 1131 1146 1175 timentes,
1155 1129 1425 1179 fignumsoldano

394 1184 550 1229 fecerunt,
561 1197 629 1231 quo
638 1184 718 1227 viso,
734 1183 886 1219 soldanus
898 1197 975 1218 cum
985 1185 1078 1218 omni
1091 1195 1190 1232 gente
1202 1184 1257 1219 sua
1266 1182 1308 1219 ad
1318 1183 1426 1219 Chris-

394 1238 559 1272 tianorum
589 1238 689 1272 castra
718 1237 874 1273 velociter
901 1238 1192 1285 appropinquavit,
1225 1239 1259 1272 &
1287 1236 1427 1285 prelium

394 1304 554 1340 magnum
578 1304 653 1326 curn
669 1291 858 1328 Christianis
869 1298 885 1321 4
904 1291 1058 1326 fecerunt.
1071 1298 1082 1321 5
1102 1291 1136 1326 Et
1150 1290 1231 1326 dum
1243 1290 1285 1326 fic
1297 1302 1426 1339 pugna-

395 1357 476 1389 rent,
495 1345 612 1394 Pagani
626 1346 660 1380 &
673 1346 850 1390 Sarraceni,
869 1346 926 1393 qui
942 1346 976 1379 in
996 1345 1126 1380 civitate
1140 1345 1286 1390 aderant,
1304 1343 1346 1380 de
1363 1356 1402 1379 ea
1413 1343 1427 1365 ⁶

395 1411 547 1434 exeuntes
569 1411 698 1447 gattum
714 1399 806 1434 illum
824 1397 1069 1434 combusserunt
1080 1405 1093 1427 7
1109 1400 1143 1434 &
1156 1397 1297 1434 similiter
1309 1400 1390 1435 alios
1414 1401 1427 1423 ⁸

395 1454 436 1497 vij
455 1465 573 1501 gattos.
586 1459 600 1482 9
630 1455 663 1487 ln
680 1460 708 1475 ¹0
722 1452 777 1487 illo
800 1452 853 1487 die
866 1464 1025 1488 venerunt
1041 1465 1103 1488 xxx
1120 1452 1214 1502 galee
1235 1454 1269 1488 &
1291 1451 1428 1489 berbote

395 1508 647 1542 sarracenorum
662 1519 720 1554 per
736 1505 860 1541 flumen
873 1507 908 1540 &
922 1504 1099 1541 credebant
1118 1519 1261 1541 cremare
1277 1519 1428 1554 pontem,

396 1573 461 1595 una
486 1573 623 1608 quarum
650 1559 820 1594 combusta
845 1560 889 1594 est
919 1573 939 1594 a
968 1559 1170 1594 Christianis.
1204 1559 1245 1594 Ea
1263 1559 1316 1594 die
1334 1560 1428 1595 multi

396 1613 570 1649 Christiani
582 1620 605 1635 ¹¹
622 1614 808 1660 interempti
825 1614 859 1648 &
876 1613 1046 1658 vulnerati,
1064 1612 1152 1648 unde
1173 1613 1339 1648 sarraceni
1356 1613 1429 1649 sunt
1442 1625 1467 1649 Ρ.
1480 1625 1496 1649 f.
1509 1632 1551 1656 113
1564 1626 1590 1649 Β.

397 1667 560 1702 elevati&
578 1666 750 1702 Christiani
768 1667 839 1702 sunt
856 1667 1046 1701 contristati.

276 1736 334 1763 Aug.
348 1740 382 1763 ις.
445 1721 618 1756 XXXVffl.
634 1723 665 1755 In
674 1727 702 1743 ¹2
715 1722 814 1755 noete
824 1719 1063 1768 Affumptionis
1074 1721 1189 1756 Samste
1199 1721 1298 1756 Marie
1309 1719 1351 1755 de
1362 1721 1428 1754 Au-

397 1775 491 1823 gusto
507 1777 585 1810 0610
596 1775 759 1810 Sarraceni
776 1774 907 1809 fuerunt
915 1775 1013 1822 capti,
1030 1775 1085 1821 qui
1098 1773 1273 1810 veniebant
1283 1773 1428 1809 natando

398 1827 439 1863 ab
454 1829 594 1863 exercitu
614 1827 739 1863 soldani
753 1827 932 1863 deferentes
949 1829 1074 1876 ignem,
1090 1826 1262 1863 columbos
1279 1829 1314 1863 &
1326 1839 1429 1862 cartas

398 1883 433 1916 &
441 1881 597 1918 volebant
604 1883 721 1916 intrare
731 1882 904 1917 civitatem.
919 1882 1014 1916 Fmsto
1023 1894 1121 1916 mane
1130 1881 1173 1916 ad
1181 1880 1323 1916 dedecus
1330 1882 1428 1930 Paga-

438 2007 447 2022 ι
466 1999 493 2024 P.
509 1999 570 2024 add.
586 2013 619 2017 ——
635 2008 648 2023 2
665 1999 690 2024 Ρ.
704 1997 836 2024 Christiani
851 2007 918 2024 vero.
940 2013 972 2017 —
995 2008 1007 2030 3
1021 2000 1047 2024 P.
1062 1998 1309 2032 Transmigrationis.
1325 2013 1355 2018 -
1372 2007 1388 2030 4
1403 1999 1428 2025 P.

401 2039 514 2066 inimicis.
527 2054 562 2057 —
577 2048 588 2072 5
604 2039 629 2063 P.
640 2038 707 2064 fecit.
722 2054 756 2057 —
769 2041 783 2064 6
799 2039 824 2064 P.
836 2039 909 2065 clam.
922 2054 956 2058 —
972 2049 985 2070 7
997 2040 1022 2064 P.
1039 2045 1220 2064 cremaverunt.
1234 2053 1268 2057 —
1282 2041 1295 2064 8
1309 2039 1332 2064 P.
1342 2048 1429 2065 om.—

401 2089 415 2111 9
427 2079 452 2103 1².
464 2079 656 2104 combuxerunt.
670 2094 705 2097 ——-
725 2088 756 2104 10
765 2080 790 2104 P.
800 2088 842 2104 om.
853 2079 904 2105 haec
917 2079 1083 2113 omnia-usque
1100 2080 1139 2104 Ea
1149 2078 1196 2104 die.
1207 2093 1242 2097 —-
1258 2087 1268 2103 ι
1277 2087 1285 2102 ι
1302 2079 1328 2104 Ρ.
1346 2078 1429 2107 Chris-

401 2118 461 2146 tiani
476 2118 554 2145 multi.
571 2135 605 2138 -—
622 2128 650 2144 η
666 2119 692 2146 Ρ.
709 2128 751 2146 om.
767 2119 848 2146 omnia
861 2119 934 2154 usque
951 2119 1067 2146 miserunt
1083 2119 1115 2145 ad
1127 2118 1288 2147 Christianos.
