1624 2788
332 263 379 303 24
735 260 950 287 ORDINACIO

330 371 428 406 timor
452 371 600 415 Domini,
627 369 754 406 habitus
778 383 841 418 pro
862 370 1026 417 peccatis3
1055 367 1122 404 lob.
1139 369 1262 413 (XXXI,
1283 370 1354 418 23),

332 426 480 471 “Semper
497 427 586 459 timui
604 427 779 467 Dominum,
797 428 878 472 quasi
867 425 1000 469 zfluc‘lus
1017 435 1158 466 tumentes
1164 424 1258 470 super
1275 436 1329 456 me.
1335 437 1354 453 2>

329 477 426 512 Terre
444 489 554 511 autem
571 489 664 511 motu
682 476 843 521 veniente,
873 474 894 510 fi
919 487 1003 510 terra
1019 475 1204 523 aperiretur,
1231 475 1358 510 timeret
1370 485 1392 507 A
1403 482 1419 507 f.
1430 483 1490 512 ⁶4⁸,
1500 489 1520 506 c
1531 489 1553 506 ι.

331 530 467 578 quilibet
485 529 649 565 absorberi
661 544 681 565 a
694 543 787 575 terra,
801 530 905 565 multo
924 530 1044 564 sorcius
1058 530 1195 578 clangor
1208 527 1358 564 tubarum

331 584 517 619 Domini&
533 585 665 631 apen-cio
680 559 796 618 inferrii
811 583 915 618 timeri
928 582 1060 618 debent.
1075 583 1207 618 Tercius
1221 582 1359 630 angulus

332 638 376 672 est
392 636 588 672 abstinencia
605 649 721 672 contra
737 637 994 685 prosperitatem,
1024 650 1066 671 ne
1089 635 1124 671 fit
1145 637 1249 670 homo
1267 634 1359 670 habi-

332 703 403 726 tans
419 691 454 724 in
471 703 554 725 terra
572 689 651 725 ficut
668 690 764 738 talpa.
783 690 926 738 Qartus
947 690 991 724 est
1000 691 1172 738 'paciencia
1186 697 1194 712 ¹
1209 690 1242 723 in
1260 687 1359 723 tribu-

331 744 459 779 lacione
474 746 659 792 «secundum
674 745 892 778 multitudinem
901 745 1038 778 dolorum
1050 757 1204 778 meorum»
1221 741 1359 790 (Psalm,

332 807 440 841 XCIII,
466 799 535 846 19),
549 799 583 832 &
596 814 604 832 ε
625 813 642 828 α
654 800 690 832 Si
710 799 854 841 dicebam,
871 810 968 831 motus
981 801 1019 842 est
1028 810 1084 843 pes
1097 810 1202 830 mensu
1218 795 1358 843 (Psalm.‚

333 861 439 896 XCIII,
460 852 528 897 18),
538 864 573 886 ut
588 850 624 885 sis
640 863 720 899 ergo
734 851 861 885 securus
875 849 915 884 ab
929 850 1068 894 inferno,
1081 865 1097 881 «
1108 851 1173 884 leva
1186 850 1327 896 clipeum,
1342 864 1357 879 u

333 905 398 939 hoc
424 905 478 949 est,
505 907 658 940 crucem!
687 917 752 951 que
776 902 834 938 sint
858 904 892 937 in
917 917 1016 938 manu
1044 915 1098 937 tua
1123 916 1182 951 per
1198 901 1361 945 effestum‚

334 958 462 1001 scilicet,
493 974 511 989 (ι
529 962 559 992 ἰη
591 972 678 1004 opere
699 970 800 991 contra
825 959 923 991 urbem
949 959 1015 991 Hai
1030 972 1047 987 υ
1079 957 1164 1001 (los,
1187 965 1266 999 VIII,
1292 956 1360 1001 18),

334 1011 487 1046 adhereas
500 1011 608 1046 cruci!
627 1011 790 1045 Dominus
808 1011 841 1044 in
860 1010 1045 1057 Evangeli0‚
1063 1025 1079 1040 «
1097 1012 1189 1044 Beati
1201 1012 1280 1054 estis,
1295 1022 1361 1043 cum

333 1067 543 1100 maledixerint
558 1066 652 1107 vobis,
673 1066 751 1107 &c.,
765 1065 895 1110 gaudete
909 1064 939 1097 δ’
952 1064 1090 1108 exultate,
1103 1066 1240 1108 quoniam
1254 1075 1363 1097 merces

333 1122 425 1164 vestra
442 1120 566 1166 copiosa
585 1121 624 1163 est
639 1121 669 1152 in
690 1119 765 1151 celis
781 1133 799 1148 υ
820 1116 961 1162 (Matth,
980 1126 1014 1160 v,
1039 1129 1073 1151 II
1097 1116 1203 1164 seq.)!

385 1175 484 1207 Item:
503 1174 606 1206 Amos
624 1173 691 1217 (lx,
710 1173 764 1218 ὁ),
790 1187 807 1202 τι
823 1172 986 1215 Edificavit
1005 1173 1154 1204 Dominus
1171 1171 1362 1218 ascensionem

327 1228 417 1273 suam
432 1229 462 1260 in
477 1226 567 1260 celo»
581 1237 639 1272 per
651 1224 796 1272 lapidem
809 1225 841 1258 in
856 1223 1015 1271 sepulcr0‚
1024 1236 1082 1271 per
1096 1223 1214 1258 ferrum
1228 1223 1364 1271 &ligna

335 1279 368 1314 in
387 1291 492 1324 cruce,
520 1291 578 1325 per
599 1278 733 1313 vulnera
756 1279 790 1312 &
810 1277 1003 1325 sanguinem
1020 1277 1098 1321 eius,
1117 1276 1203 1311 unde
1222 1277 1254 1310 in
1273 1277 1362 1311 Can-

337 1332 391 1367 tici
417 1344 488 1379 cap⁴
515 1342 538 1365 V
561 1330 599 1378 (9
619 1331 712 1379 seq),
741 1347 759 1362 tt
777 1332 888 1377 Qalis
912 1334 951 1375 est
975 1332 1103 1364 dilec‘lus
1121 1332 1213 1373 Tuus,
1233 1331 1364 1364 dileaus

337 1399 418 1420 meus
435 1387 581 1420 candidus
608 1386 638 1419 ἃ
663 1386 867 1419 rubicundus!
883 1400 901 1415 n
921 1384 998 1431 quia
1022 1382 1180 1418 candidus
1199 1396 1257 1431 per
1269 1384 1364 1418 inno-

338 1439 487 1474 cenciam
505 1440 540 1473 &
558 1437 755 1472 rubicundus
773 1451 831 1485 per
848 1438 1048 1485 sanguinem.

388 1494 487 1527 Item:
514 1491 666 1539 Exempla
691 1491 800 1537 aliqua
824 1503 958 1538 quoque
982 1491 1218 1534 interserantur,
1243 1502 1313 1525 tum
1332 1501 1367 1523 ut

338 1546 444 1594 magis
462 1544 599 1579 reddant
617 1543 780 1583 auditores
808 1557 949 1578 attentos
968 1556 1037 1578 tum
1051 1557 1184 1591 propter
1206 1543 1368 1578 remocio-

340 1611 418 1633 nem
431 1597 523 1643 tedij,
540 1610 608 1632 tum
623 1609 658 1632 ut
671 1610 728 1645 per
742 1598 891 1645 exempla
904 1597 1042 1632 aliorum
1058 1598 1162 1645 magis
1176 1608 1369 1633 moveantur

339 1651 382 1687 ad
403 1651 653 1695 contricionem,
671 1663 741 1686 tum
759 1663 794 1685 ut
811 1651 916 1698 magis
942 1651 1091 1685 fallacem
1109 1649 1224 1685 mundi
1245 1650 1367 1685 vanita-

341 1718 409 1740 tem
428 1716 677 1752 contempnant,
708 1716 743 1738 ut
766 1703 900 1751 aliquod
927 1703 1110 1739 huiusmodi
1135 1702 1225 1739 verbi
1250 1703 1367 1751 gracia.

341 1759 421 1794 Tres
439 1758 549 1792 fratres
563 1757 679 1792 milites
695 1758 822 1793 fuerunt
834 1758 867 1791 in
884 1756 972 1792 bello
989 1770 1103 1793 contra
1116 1756 1321 1804 Albigensos,
1335 1757 1370 1790 &

342 1812 436 1847 multi
455 1811 566 1846 fideles
591 1810 873 1855 interficiebantur,
898 1810 985 1845 unde
1007 1810 1074 1845 duo
1091 1811 1220 1845 illorum
1239 1809 1369 1844 flatrum

342 1864 456 1900 flentes
477 1863 630 1899 dicebant
648 1865 765 1899 tercio:
784 1864 863 1898 Proh
883 1863 988 1908 dolor,
1005 1863 1105 1899 hodie
1123 1876 1237 1898 omnes
1251 1863 1368 1897 morie-

341 1932 415 1953 mur
429 1921 436 1954 !
461 1919 592 1953 Tercius
610 1930 718 1952 autem
741 1918 932 1952 confortans
950 1918 1061 1952 fratres
1078 1918 1148 1952 suos
1163 1934 1170 1952 ε
1193 1917 1370 1951 Moriamur
1383 1929 1405 1950 A
1417 1927 1433 1950 f.
1445 1927 1475 1956 ⁶4
1483 1926 1505 1955 b,
1516 1934 1535 1948 c..
1550 1932 1570 1948 I.

343 1985 405 2020 pro
420 1984 472 2016 e0,
491 1971 547 2018 qui
563 1983 625 2018 pro
646 1970 740 2005 nobis
753 1983 899 2005 mortuus
917 1971 983 2015 est3
1007 1987 1025 2002 «
1040 1974 1094 2006 kar
1107 1974 1136 2005 io
1150 1984 1185 2005 ne
1193 1972 1249 2017 sai
1265 1970 1371 2004 meilur

343 2027 479 2060 marchie'
492 2027 526 2059 ke
538 2037 600 2071 pur
612 2038 650 2059 un
669 2027 717 2058 iur
735 2026 771 2058 de
778 2038 912 2070 penance
930 2025 993 2058 aler
1008 2027 1025 2058 ὰ
1044 2027 1123 2058 Deu.
1138 2039 1156 2055 n
1176 2024 1277 2071 Surge
1289 2034 1369 2070 ergo

382 2151 390 2167 ι
408 2142 429 2167 Β
439 2141 571 2177 sapiencia.
