1624 2788
333 269 353 294 2
359 269 378 294 2
753 265 968 292 ORDINACIO

381 379 473 411 Item:
487 376 673 419 Zacharias,
683 391 700 407 υ
713 379 857 423 Revertar
869 376 908 409 ad
917 374 1076 420 Ierusalem
1088 377 1118 408 in
1133 375 1358 420 misericordiis,
1370 388 1389 411 B
1400 388 1415 412 f.
1427 394 1473 418 214
1481 388 1504 418 b,
1513 395 1533 412 e.
1543 393 1566 410 ι

333 430 363 464 δ’
380 432 568 475 edificabitur
585 432 690 465 domus
706 443 769 464 mea
789 433 819 463 in
837 443 871 463 ea
888 444 905 460 υ
926 430 966 474 (1,
992 428 1059 473 16).

381 486 475 518 Item:
495 484 658 518 Dominus
676 483 782 517 noster
794 482 1003 529 conqueritur
1013 493 1071 528 per
1085 480 1247 515 Michearn
1264 480 1360 526 (VII),

333 536 423 583 quod
449 536 596 572 diabolus
623 549 672 571 tot
693 537 778 584 rapit
798 537 832 570 in
858 548 979 583 magna
996 536 1177 582 quantitate
1197 533 1239 569 ad
1265 534 1361 569 infer-

333 603 424 634 num,
442 590 533 637 quod
552 590 713 625 Dominus
728 589 834 624 noster
851 601 974 636 paucos
992 587 1090 623 habet
1103 589 1137 623 &
1151 588 1277 635 colligit
1294 599 1361 632 εοε,

333 642 411 678 ficut
437 645 492 691 qui
518 659 536 676 α
552 645 676 690 colligit
698 657 832 677 racemos
850 646 917 689 post
934 643 1177 677 vindemiatores.
1198 657 1215 673 n
1236 641 1363 675 Michea

332 697 385 741 vij.
405 698 510 745 capite
529 714 536 733 :
557 714 574 729 α
589 700 629 733 Ve
646 700 731 740 mihi,
751 700 821 742 quia
837 697 945 742 fac‘lus
959 697 1042 741 sum,
1060 700 1138 743 ficut
1164 697 1214 740 qui
1239 695 1363 740 colligit

334 754 364 785 in
383 764 544 797 autumpno
570 764 701 785 racemos
727 751 873 785 vindemie
889 765 907 780 n
934 748 1055 795 (Mich.,
1074 757 1139 793 VII,
1163 750 1207 794 ῐ).
1238 745 1362 782 Diabo-

333 804 381 839 lus
395 805 483 839 enim
497 803 539 839 ad
558 804 588 838 se
606 804 690 851 rapit
708 804 741 837 in
762 803 926 837 infernum
945 800 1110 849 superbos,
1127 799 1268 845 invidos,
1285 813 1362 836 ava-

333 871 397 901 ros,
416 857 600 901 iracundos,
618 855 809 899 accidiosos‚
831 855 974 903 gulosos,
999 854 1189 898 luxuriosos,
1208 854 1363 901 periuros,

334 911 429 946 falsos
458 911 564 953 testes,
597 910 804 953 deamones,
835 907 1030 952 homicidas,
1063 909 1120 955 qui
1148 907 1363 955 inpenitentes

334 965 528 1008 moriuntur,
541 965 575 998 ὅ(
586 975 635 998 tot
646 963 741 997 falsos
749 962 961 1006 Christianos,
970 974 1053 1008 quos
1068 962 1230 996 Dominus
1242 960 1339 1008 pauci
1351 967 1362 983 ¹

333 1016 439 1052 habet.
465 1018 562 1052 Secus
580 1029 660 1064 ergo
678 1015 741 1051 effe
759 1028 835 1050 cum
854 1015 983 1050 Christo
1001 1016 1035 1049 ὅ(
1051 1014 1189 1050 evadere
1207 1027 1226 1048 a
1240 1014 1364 1060 laqueis

335 1070 468 1115 diaboli,
487 1071 579 1118 surge
593 1083 669 1105 cum
682 1082 757 1105 vera
770 1069 974 1104 contricione
988 1070 1022 1103 &
1035 1067 1220 1103 devocione
1238 1068 1272 1102 &
1285 1067 1363 1102 reci-

335 1125 404 1171 pias
422 1123 560 1172 figillum
578 1124 679 1158 crucis
697 1123 791 1171 super
807 1135 849 1167 te,
874 1123 908 1156 &
934 1123 992 1157 eris
1010 1121 1169 1157 hereditas
1192 1120 1311 1156 Christi
1335 1121 1365 1155 ei

335 1190 393 1225 per
410 1190 540 1212 crucem
557 1177 751 1211 confirmata
769 1175 855 1223 quafi
874 1188 931 1223 per
956 1187 1091 1219 cartam,
1108 1176 1142 1210 ὅ(
1158 1176 1191 1209 in
1218 1186 1249 1209 te
1274 1173 1364 1208 habi-

334 1230 416 1266 tabit
426 1229 512 1278 quafi
522 1231 555 1265 in
565 1230 690 1278 templo
706 1230 772 1265 suo,
788 1230 876 1264 Dicit
890 1230 978 1264 enim
991 1228 1167 1276 apostolus,
1179 1244 1196 1259 α
1210 1228 1239 1262 Τ
1237 1229 1364 1274 emplum

326 1287 466 1332 sambiam
475 1287 548 1327 Dei,
559 1286 638 1330 quod
647 1287 714 1329 estis
723 1297 775 1318 vos
785 1299 801 1314 υ
814 1285 846 1329 (1
859 1284 950 1327 Cor„
959 1291 1010 1325 ΙΙΙ,
1020 1281 1089 1330 16),
1098 1282 1173 1316 &in
1189 1280 1365 1316 Dominica

336 1339 484 1372 oratione
503 1338 621 1385 petitur
635 1354 642 1372 :
671 1353 688 1368 «
707 1340 799 1371 Pater
816 1339 921 1381 noster,
938 1337 1078 1370 adveniat
1095 1349 1219 1382 regnum
1236 1347 1328 1379 tuum,
1344 1350 1362 1366 υ

332 1391 453 1426 scilicet
470 1392 579 1426 veniat
596 1390 638 1425 ad
656 1402 707 1435 te;
733 1389 753 1424 si
775 1402 854 1437 ergo
874 1389 1024 1424 homines
1044 1389 1116 1423 sunt
1133 1389 1198 1423 eius
1215 1401 1365 1436 regnum,
1378 1401 1401 1422 A
1413 1399 1429 1423 f.
1440 1399 1469 1430 63
1479 1398 1531 1428 h,c.
1542 1405 1565 1422 ι.

334 1445 401 1492 ipse
418 1445 452 1479 in
470 1445 513 1479 eis
528 1443 685 1492 regnabit.
701 1444 745 1479 Ut
758 1443 824 1490 ipse
838 1455 918 1490 ergo
932 1442 966 1476 in
980 1454 1011 1477 te
1024 1454 1148 1489 regnet,
1163 1442 1198 1476 ὅ(
1212 1453 1245 1475 tu
1259 1441 1366 1488 ipsum

335 1497 454 1533 habeas
485 1499 519 1533 ὅ(
547 1498 689 1546 gloriam
717 1509 874 1542 eternam,
904 1496 993 1530 sume
1018 1508 1148 1530 crucem
1174 1496 1209 1530 &
1236 1494 1366 1542 sequere

337 1551 459 1586 lhesum
474 1554 481 1588 l

386 1607 486 1639 Item:
510 1607 542 1639 In
560 1604 702 1639 Cantico
725 1603 780 1639 ult.
809 1616 895 1650 cap„
921 1619 939 1634 <t
960 1606 1044 1637 Pone
1071 1617 1116 1637 me
1134 1615 1166 1636 ut
1176 1602 1366 1650 fignaculum

327 1660 423 1705 super
451 1672 502 1693 cor
531 1657 637 1703 Tuum,
668 1671 699 1692 ut
720 1658 910 1705 signaculum
931 1658 1027 1703 super
1058 1658 1227 1691 bracchium
1257 1654 1364 1697 Tuum,

336 1715 407 1757 quia
417 1714 518 1758 fortis
534 1715 584 1756 est,
604 1724 637 1745 ut
650 1725 740 1755 mors,
758 1712 897 1745 dileccio.
917 1725 934 1740 n
954 1710 1119 1744 Dominus
1140 1709 1247 1744 noster
1262 1707 1365 1742 lhesus

337 1764 480 1799 Christus
499 1765 551 1799 hic
569 1765 684 1799 invitat
702 1776 732 1799 te
745 1763 788 1798 ad
806 1763 1033 1810 sumpcionem
1050 1763 1152 1797 crucis
1166 1763 1200 1797 δε
1218 1762 1250 1796 in
1264 1759 1365 1795 corde

337 1819 371 1852 ὃς
392 1818 423 1851 in
443 1830 552 1865 opere.
579 1818 666 1853 Dicit
688 1818 777 1852 enim
795 1833 802 1852 :
834 1820 917 1851 Pone
943 1830 999 1860 me,
1022 1815 1141 1850 scilicet
1163 1813 1363 1856 crucifixum,

337 1869 435 1905 tribus
464 1871 561 1907 clavis
588 1871 706 1915 ferreis,
729 1871 843 1905 lancea
862 1869 1075 1917 perforatum,
1093 1867 1305 1916 flagellatum,
1323 1866 1364 1902 ab

337 1923 524 1958 horninibus
549 1924 699 1968 derisum,
726 1925 819 1972 super
846 1936 904 1957 cor
925 1935 1017 1957 tuum
1035 1935 1093 1970 per
1107 1920 1365 1969 compaffionem

338 1979 372 2012 δε
388 1977 489 2012 fidem
506 1989 541 2012 ut
558 1976 771 2026 fignaculum3
798 1989 875 2011 crux
892 1977 980 2011 enim
999 1976 1042 2010 est
1060 1974 1198 2023 sigillum
1215 1974 1363 2019 Domini,

339 2030 430 2078 quod
456 2032 595 2066 maxime
613 2032 703 2066 timet
729 2029 888 2074 diabolus,
907 2030 983 2077 quia
1006 2030 1039 2064 in
1066 2041 1159 2064 cruce
1175 2026 1365 2063 vincebatur

378 2145 386 2161 1
403 2137 433 2168 A,
446 2136 468 2161 B
478 2135 546 2171 quod
561 2155 565 2160 .
580 2155 585 2162 .
601 2154 608 2162 .
620 2144 721 2171 paucos.
