1624 2788
40 1241 81 1270 V.‚
91 1239 128 1271 f.5
139 1246 169 1269 ro,
181 1248 199 1262 t.
212 1247 235 1263 2.

41 1345 74 1374 8.,
85 1354 104 1376 p.
116 1352 170 1374 227,
181 1354 199 1368 c.
214 1352 233 1369 ι.

462 215 768 242 CRUCIGERORUM
792 216 1076 244 RHENANORUM.
1230 218 1276 257 37

251 336 302 360 tur
321 325 355 360 in
375 324 520 373 paffione
537 324 614 360 velis
639 324 802 373 oppansis,
829 325 978 362 ordinate
1003 339 1093 362 mare
1119 327 1274 362 conscen-
1287 322 1404 383 &1²:⁸32

251 377 368 423 dimus,
385 378 613 425 venientesque
629 377 672 413 ad
689 390 823 425 portum
841 379 957 415 Cadix.
976 380 1100 415 Comes
1117 379 1158 416 de
1173 380 1274 416 Wide

250 444 270 466 a
285 432 338 467 via
354 433 441 467 resta
457 429 590 466 devians
607 432 713 479 ipsum
726 443 860 479 portum
872 433 945 480 post
958 433 1181 481 crepusculum
1199 446 1275 469 cum

249 485 361 532 paucis
390 485 488 521 intrat
516 483 652 520 navibus
679 484 789 532 ibique
817 487 941 521 caritati
967 499 1048 534 opus
1072 485 1276 522 laudabiliter

250 549 412 584 exercens,
436 538 546 574 fratres
563 539 650 583 suos,
680 540 737 586 qui
754 538 880 574 duabus
898 539 1034 575 navibus
1053 539 1178 576 ibidem
1195 554 1276 576 nau-

249 590 390 638 fragium
410 591 489 640 paffi
504 592 586 637 sunt,
614 591 691 627 salvi
716 603 826 627 tamen
844 591 938 627 rebus
963 594 997 627 ὃς
1022 605 1173 641 corpore,
1199 606 1275 628 cum

248 655 374 691 magno
390 643 503 680 labore
520 646 554 679 ὅ(
572 645 689 680 timore
705 658 914 693 paganorum
930 645 1027 680 litora
1044 645 1189 693 undique
1208 648 1275 682 cin-

248 697 404 744 gencium
433 697 619 747 colligebat.
647 701 768 733 Interea
794 711 906 734 comes
926 698 1086 734 Hollenfis
1115 701 1276 736 maiorem

249 762 376 797 partem
399 752 546 795 navium,
574 764 638 799 que
659 752 727 786 iam
746 751 888 786 strictum
908 765 998 788 mare
1018 751 1274 800 pertransierant,

249 816 325 838 cum
348 803 465 839 decem
487 806 522 840 &
547 807 624 840 οέὶο
649 803 784 840 navibus
811 805 997 840 comitatur.
1014 812 1023 828 ¹
1042 806 1147 840 Huius
1165 819 1275 842 autern

247 858 343 892 maris
371 857 470 893 latera
494 857 643 893 adstritsta
667 859 702 893 &
727 859 760 893 in
784 858 945 905 Europam
970 861 1152 903 terminata,
1178 873 1274 895 mon-

247 908 331 945 tibus
356 910 507 946 altiflimis
528 910 639 946 fimeas
666 910 876 947 nutrientibus
898 913 1142 960 precinguntur,
1168 914 1275 948 castris

248 965 354 999 eciam
382 977 421 999 ac
453 965 546 1010 villis,
575 964 707 1013 oppidis
738 966 773 1000 δε
806 964 986 1000 civitatibus
1023 964 1275 1014 [circumJsepta,

248 1029 382 1065 quoque
394 1018 628 1054 mercatoribus
646 1031 735 1061 nota,
755 1018 969 1064 decorantur-3
986 1019 1162 1067 longitudo
1179 1019 1275 1068 ipsius

247 1071 355 1107 navali
378 1071 469 1106 cursu
488 1071 653 1106 metienda
676 1072 728 1107 sex
746 1071 900 1106 horarum
925 1084 1061 1108 ventum
1086 1073 1273 1121 expostulat,

246 1123 384 1159 latitudo
407 1137 486 1160 vero
507 1125 724 1160 orizunthain
737 1124 994 1173 apprehensione
1016 1126 1160 1161 hominis
1185 1129 1274 1174 equi-

247 1178 344 1213 tantis
374 1178 612 1226 intelligibilem
647 1191 821 1226 parumper
848 1178 984 1215 excedit.
1026 1180 1182 1227 Cumque
1207 1181 1274 1216 iam

247 1230 343 1278 primi
352 1243 441 1266 mare
452 1238 467 1254 ²
477 1230 565 1266 aliud
579 1232 689 1266 secura
702 1244 815 1279 puppe
828 1232 998 1277 sulcarent,
1008 1245 1085 1268 ecce
1098 1233 1162 1268 due
1175 1246 1273 1269 naves

247 1296 464 1332 paganorum,
488 1283 615 1320 diverfis
634 1283 727 1320 rebus
745 1298 890 1331 onerate,
908 1298 947 1321 ex
965 1287 1143 1334 improviso
1161 1287 1273 1322 nostris

247 1349 464 1373 occurrerunt.
495 1338 566 1373 Nec
579 1351 695 1384 mora,
713 1340 746 1374 in
763 1338 868 1374 hostes
882 1340 1014 1375 vertitur
1027 1352 1134 1387 prora,
1151 1341 1272 1375 statim-

247 1403 312 1438 que
328 1391 452 1426 inimIci
469 1392 652 1439 capiuntur,
668 1393 702 1427 &
720 1405 818 1427 naves
835 1394 927 1439 aquis
940 1392 1117 1441 &ignibus
1135 1394 1273 1441 periture

247 1443 479 1491 relinquuntur.
498 1445 668 1492 Postquam
684 1457 793 1480 autem
807 1459 846 1480 ex
858 1445 961 1494 preda
980 1458 1070 1481 tanta
1086 1446 1272 1492 exhylarati,

247 1495 289 1531 de
306 1498 435 1532 comitis
452 1510 562 1533 tamen
582 1497 732 1534 absencia
754 1500 860 1547 magis
876 1500 973 1544 anxii,
1001 1500 1132 1548 longius
1156 1512 1273 1547 proce-

247 1549 407 1594 deremus,
438 1563 572 1586 ventum
600 1552 643 1587 est
670 1551 713 1587 ad
742 1564 903 1596 montem,
930 1553 986 1599 qui
1016 1565 1114 1600 caput
1144 1553 1274 1588 Martini

248 1615 462 1651 nuncupatur,
489 1605 523 1638 &
542 1605 688 1651 sequenti
712 1604 775 1649 die,
803 1604 954 1640 videlicet
979 1606 1012 1640 in
1037 1618 1118 1641 cena
1136 1606 1274 1640 Domini
1288 1619 1342 1648 Apr.
1357 1625 1391 1641 η.

247 1659 301 1691 ae'r
330 1657 434 1691 sevior
450 1663 461 1686 3
482 1658 646 1705 apparuit,
684 1657 785 1693 nubes
814 1670 849 1692 ut
878 1671 1047 1707 argentum
1074 1658 1275 1719 purissimum

247 1707 331 1744 bene
348 1710 488 1757 politum
509 1710 691 1756 rutilabant,
721 1713 755 1746 δε
778 1724 878 1747 omne
896 1711 1113 1760 vaporabile
1105 1725 1274 1748 inventum

247 1762 292 1797 est
321 1763 508 1809 resolutum,
530 1776 666 1812 ortaque
683 1765 726 1799 est
744 1765 914 1821 tempestas
936 1765 1101 1800 modernis
1118 1765 1273 1811 inaudita,

247 1828 312 1862 que
328 1817 426 1851 etiam
442 1816 555 1851 diebus
574 1830 727 1865 quattuor
744 1819 903 1853 continuo
922 1818 1115 1866 perduravit.
1137 1819 1199 1854 {llic
1217 1833 1273 1854 na-

247 1871 338 1905 vium
354 1870 458 1905 malos
476 1884 566 1906 ruere
582 1870 732 1915 vidimus,
744 1872 841 1907 4vela
858 1871 959 1916 lciffa,
978 1873 1012 1907 δε
1030 1871 1135 1917 bachi,
1148 1879 1159 1902 5
1173 1874 1272 1920 ruptis

246 1922 366 1968 cordis,
395 1922 437 1958 de
454 1923 590 1959 navibus
612 1925 683 1959 sunt
704 1925 814 1970 soluti,
845 1901 986 1961 minatiir
1007 1938 1096 1960 mare
1121 1938 1272 1971 mortem,

246 1988 341 2020 terra,
355 1977 609 2025 circumquaque
621 1979 800 2014 sarracenis
814 1991 986 2026 occupata,
998 1979 1187 2024 martyrium
1195 1991 1271 2026 pro-

283 2068 294 2084 ι
315 2060 344 2085 V.
358 2059 507 2086 cominatur.
525 2076 558 2080 —-
577 2070 591 2086 2
606 2062 634 2086 V.
648 2061 729 2088 maris.
824 2072 842 2095 4
856 2063 884 2088 V.
898 2062 1019 2088 videlicet.
1033 2077 1067 2081 ——
1081 2071 1093 2096 5
1110 2063 1136 2088 B.
1144 2062 1234 2088 banchi.

245 2113 280 2119 —
296 2107 308 2131 3
324 2100 354 2126 V.
368 2099 460 2127 omittit.
