1624 2788
188 1394 208 1409 G.
216 1392 252 1416 3³.

549 255 599 280 DE
626 255 783 281 rrmnkr:
809 255 1008 281 FRISONUM.
1249 245 1295 292 67

270 362 420 397 nonnulli
446 374 579 409 quoque
597 362 732 409 gemino
751 362 846 396 famis
863 363 897 397 ἃ
915 361 975 396 fitis
993 362 1083 397 malo
1101 362 1244 397 confecti
1260 363 1295 397 in
1309 381 1366 403 1217

270 414 519 451 amaritudinem
537 415 646 450 anime
662 415 717 450 sue
735 428 835 462 panes
853 415 1077 458 amarissimos,
1095 427 1182 462 aqua
1199 417 1295 451 maris

269 469 439 504 confestos
457 467 687 503 comedebant.
709 467 849 504 Duobus
864 481 944 517 ergo
961 467 1073 503 diebus
1090 469 1124 503 in
1139 470 1294 505 convivio

269 521 414 556 dulcium
434 534 592 568 aquarum
609 520 768 564 deduffis‚
794 521 896 556 ventis
914 521 1074 568 prosperis
1091 523 1292 570 navigantes,

267 575 492 623 Terragonam
510 587 529 609 a
546 573 667 610 finistris
683 575 718 608 &
734 574 832 609 castra
846 574 984 621 plurima
1002 574 1194 621 linquentes,
1213 575 1293 623 vigi-

267 628 310 662 lia
326 628 426 663 sanzsti
442 627 663 662 Bartholomei
687 627 911 662 Barcellonam
937 627 1096 671 venimus,
1123 627 1179 663 ubi
1200 628 1293 663 sociis
1305 636 1413 665 Auen·

267 681 404 717 inventis
422 679 531 729 gavisi,
556 680 637 716 laffis
654 679 856 727 corporibus,
874 679 1079 715 suadentibus
1096 682 1199 716 ventis
1216 680 1293 716 inde

268 735 425 782 proveeti,
447 736 524 769 οέὶο
542 732 717 768 miliaribus
734 731 867 768 emenfis
886 745 1019 781 portum
1035 734 1135 769 sane’ti
1148 734 1295 769 Feliciani

267 788 413 832 martyris
430 787 464 822 in
484 787 644 822 territorio
661 786 874 834 Catologinie
892 787 1109 834 contigimus3
1137 787 1293 822 collecstis-

267 853 331 887 que
355 840 459 885 sociis,
479 840 534 887 qui
553 839 598 874 ibi
618 840 788 874 stationem
805 839 960 882 fecerant,
975 840 1155 874 Marciliam
1173 853 1294 888 prope-

266 895 425 939 ravimus3
442 894 498 930 sed
517 893 604 929 duris
620 893 720 929 boree
737 893 865 929 flatibus
882 908 901 929 a
919 907 999 929 terra
1018 894 1161 942 repulsos
1181 907 1293 942 portus

265 948 365 982 sanffl
381 946 563 983 Mendriani
579 954 586 970 ¹
612 948 758 991 martyris
783 959 845 982 nos
864 948 922 982 suo
949 947 1084 996 collegit
1103 948 1135 982 in
1155 949 1294 996 gremio,

266 1013 331 1036 una
348 999 434 1036 dieta
451 999 568 1035 distans
587 1013 606 1034 a
624 999 770 1035 Marfilia.
793 1001 862 1048 Qi
879 1001 962 1035 inter
979 1013 1108 1036 montes
1128 1001 1292 1036 altiffimos

265 1053 483 1101 complicitus,
499 1053 666 1088 Tolonam
683 1054 848 1088 civitatem
866 1052 963 1088 habet
975 1067 994 1089 a
1007 1053 1135 1090 dextris.
1154 1055 1293 1102 Capella

267 1119 344 1143 vero
364 1107 465 1141 sanffl
480 1107 628 1151 martyris
652 1106 686 1140 in
707 1106 807 1141 latere
825 1104 945 1141 sinistro
963 1107 1017 1142 vili
1043 1107 1182 1142 scemate
1198 1108 1291 1142 cons-

265 1162 377 1204 trussta,
394 1159 450 1194 sed
468 1159 569 1194 multa
581 1160 746 1194 sanelitate
758 1159 884 1194 famosa
901 1160 1102 1196 monstratur.
1123 1160 1199 1195 Inde
1213 1174 1290 1196 vero

270 1222 310 1261 ις
338 1211 391 1248 die
407 1214 567 1261 proveffl,
595 1213 710 1248 relictis
727 1226 746 1248 a
762 1213 835 1248 leva
853 1211 966 1248 Garda
986 1215 1020 1248 &
1036 1215 1126 1249 Gera
1146 1215 1180 1248 &
1198 1214 1290 1249 Anti-

265 1264 343 1301 bure
360 1266 552 1311 civimtibus,
566 1280 710 1315 portum,
725 1267 780 1314 qui
798 1266 899 1302 Oliva
912 1265 1038 1309 dicitur,
1055 1267 1087 1302 in
1108 1267 1188 1302 festo
1198 1267 1290 1302 Lam·
1304 1280 1364 1310 Sept.
1379 1287 1412 1308 17.

265 1318 347 1354 berti
356 1321 501 1366 martyris
509 1321 708 1364 intravimus,
718 1321 774 1367 qui
783 1332 898 1355 monte
906 1321 1075 1355 interieno
1085 1320 1288 1356 adocciden-

266 1385 334 1407 tem
342 1372 478 1408 Niceam
487 1373 594 1416 habet,
606 1374 743 1408 castrum
756 1374 790 1407 in
800 1386 914 1408 monte
926 1372 1051 1408 sublimi
1059 1374 1287 1409 construeium.

266 1425 363 1462 Unde
378 1426 450 1473 post
466 1425 532 1461 dies
550 1428 628 1461 0610
643 1425 809 1474 progreffi,
828 1425 943 1460 reliCtis
960 1425 1003 1460 ad
1014 1433 1028 1448 ²
1041 1425 1194 1462 sinistram
1212 1429 1287 1463 civi-

265 1477 382 1514 tatibus
411 1478 539 1514 famofis
569 1482 665 1514 [anua
691 1480 725 1514 δ(
750 1479 815 1514 Pisa
839 1480 872 1514 &
899 1479 1003 1514 castris
1033 1480 1219 1525 innumeris,
1247 1481 1289 1516 ad

264 1531 410 1567 dextram
422 1545 501 1567 vero
514 1532 621 1567 insulis
633 1531 789 1575 Sardinia,
802 1530 946 1576 Corsica,
959 1532 1181 1580 Capricorno,
1201 1535 1288 1569 Gor-

264 1586 368 1634 gonio
393 1587 428 1620 &
452 1585 516 1620 Eua
540 1587 574 1620 &
595 1586 663 1620 aliis
689 1598 788 1632 quam
812 1585 970 1632 plurimu,
998 1585 1040 1620 ad
1065 1586 1228 1633 oppidum
1254 1589 1288 1622 in

265 1639 423 1674 territorio
441 1639 563 1683 Pisano,
587 1637 678 1685 quod
697 1636 901 1672 Plumbinum
921 1637 1047 1682 dicitur,
1073 1640 1286 1685 pervenimus.

264 1690 360 1728 Unde
373 1691 445 1738 post
458 1693 536 1725 οόὶο
554 1691 620 1726 dies
635 1690 788 1739 progreffi
803 1691 970 1726 Meffinam
986 1690 1166 1735 tendentes,
1185 1694 1287 1728 ventis

264 1745 431 1779 contrariis
445 1735 644 1793 urgentibus,
658 1756 790 1791 portum
803 1744 951 1779 Civitatis
965 1745 1090 1789 veteris,
1103 1758 1167 1792 que
1181 1759 1287 1793 quon-

263 1796 341 1832 dam
354 1798 590 1832 Centumcollis
603 1795 780 1842 dicebatur,
797 1798 830 1832 in
845 1797 922 1832 festo
936 1797 1035 1831 sancsti
1050 1797 1184 1842 Dionifij
1203 1813 1286 1835 mar·
1302 1816 1354 1839 oa.
1364 1824 1386 1847 9.

262 1851 340 1896 tyris
357 1863 425 1886 non
443 1850 507 1886 sine
525 1862 648 1898 magno
661 1850 849 1886 intravimus
863 1850 1018 1897 periculo,
1037 1850 1134 1886 Unde
1155 1864 1287 1900 propter

261 1903 442 1950 angustiam
455 1904 611 1950 temporis
624 1910 635 1933 ³
648 1904 682 1938 &
701 1904 833 1938 navium
849 1902 1100 1948 multitudinem,
1112 1917 1176 1951 que
1190 1919 1284 1953 portu

260 1955 367 1990 stric‘lo
389 1955 636 2000 collidebantur,
661 1955 771 2004 egreffi
789 1968 866 1991 cum
882 1955 1017 1991 navibus
1042 1959 1092 2000 18,
1116 1959 1285 1995 stationem

261 2008 396 2044 fecimus
424 2009 457 2043 in
487 2021 584 2057 portu
610 2010 814 2045 Cornetano.
844 2009 890 2044 Est
918 2023 1026 2045 autem
1053 2011 1236 2047 Cornetum
1266 2025 1285 2047 a

991 2095 1018 2103 ..-

283 2131 292 2147 1
311 2122 463 2148 A.mdriani.
478 2137 512 2141 —
526 2132 540 2148 2
552 2123 698 2157 Sequebamr
707 2122 732 2148 in
742 2124 772 2149 A.
786 2124 984 2157 civitatem,jam
996 2124 1144 2151 deletum—
1160 2127 1206 2157 3A.
1219 2132 1281 2160 tpes,
