1624 2788
65 711 209 742 nugo.

74 1368 102 1392 Ρ.
113 1367 129 1391 f.
141 1373 183 1391 iu
195 1366 222 1391 B.

522 268 729 295 onsmmms
745 267 943 294 DAMIATE.
1188 258 1233 304 89

263 381 359 417 XXll.
378 383 412 417 ln
425 382 521 416 ramis
530 381 714 429 palmarum
725 381 857 416 scientes
870 380 1021 416 soldanus
1038 382 1072 415 &
1084 379 1239 416 Corradi-

217 449 288 481 nm,
302 434 393 483 quod
407 435 580 470 Christiani
591 434 748 471 volebant
761 434 932 479 celebrare,
950 435 1085 482 qualiter
1097 434 1242 470 Christus

217 490 306 525 venit
323 489 563 534 lerosolymam,
578 489 719 524 inierunt
737 487 905 523 confilium
922 488 1015 536 super
1032 487 1244 532 Christianos,

218 554 396 590 antequam
417 541 506 590 aliud
526 540 710 591 passagium
726 542 921 577 succurreret
946 542 1006 587 eis3
1020 548 1029 564 ¹
1050 551 1247 590 putaverunt

220 609 278 631 eos
292 595 399 631 delere
412 594 454 630 de
468 608 561 639 terra,
575 597 611 630 ὃ(
622 594 701 630 ficut
712 595 825 631 leviter
838 595 972 643 poffunt
986 596 1149 632 numerari
1161 595 1246 630 stelle

221 649 282 684 celi
297 651 332 684 δε
346 663 444 685 arena
460 651 568 695 maris,
586 651 631 686 ita
648 650 825 686 multitudo
843 650 1103 686 Christianorum
1119 660 1248 698 poterat

222 704 394 739 numerari.
422 703 457 739 Et
466 717 633 740 ‚venerunt
644 712 658 728 ²
669 718 728 753 per
744 716 860 739 terram
884 706 918 739 &
944 717 1065 751 aquam
1087 717 1163 738 cum
1185 703 1248 747 lxxj

222 756 322 805 galeis
335 758 369 792 δε
382 769 458 792 cum
476 757 645 793 indefinita
658 756 865 793 multitudine
877 758 1082 806 paganorum
1099 759 1133 792 ὅ(
1145 758 1249 792 Sarra-

225 822 393 856 cenorum,
406 817 418 841 ³
433 812 469 846 ὅ(
478 810 682 846 adduxerunt
691 812 810 860 targias
818 809 986 846 &tabulas
994 812 1029 845 δε
1038 811 1118 846 ostia
1131 810 1250 845 domo-

262 893 274 909 ¹
291 885 327 912 M.
340 893 393 911 eos·
410 900 442 905 -
459 896 473 911 2
490 887 516 912 P.
532 886 660 912 venientes
671 886 756 921 itaque
768 895 825 912 cum
838 886 898 920 lxvj.
910 901 944 905 —
959 896 972 918 3
989 887 1026 918 P.,
1039 892 1120 912 cetera
1132 886 1205 920 usque
1217 888 1254 912 ad

224 933 245 951 c.
261 933 328 952 xxvx
340 925 455 958 omittens,
467 926 537 961 legit.-
549 928 571 953 δι
586 936 644 954 cum
657 927 734 962 galeis
747 928 844 954 fortiter
860 928 1006 962 navigantes
1016 928 1047 954 ad
1059 928 1252 954 Christianorum

226 971 328 999 pontem
344 967 584 1001 appropinquarunt.
599 969 693 994 Verum
703 968 762 1002 quia
775 968 847 1003 pauci
862 970 972 1003 respeetu
981 969 1078 995 illorum
1093 975 1163 995 erant
1173 969 1254 995 Chris-

227 1004 296 1038 tiani,
314 1014 330 1031 a
343 1005 408 1032 facie
421 1013 488 1033 terre
500 1017 543 1034 eos
561 1008 658 1042 penitus
671 1009 808 1034 credebant
826 1009 894 1044 polle
906 1009 1000 1042 delere;
1018 1009 1135 1035 fossatum
1153 1009 1254 1043 quidem

227 1044 423 1072 Christianorum
441 1046 510 1073 iuxta
523 1048 640 1074 fofl'atum
654 1048 829 1084 impleverunt.
854 1049 909 1083 Alij
930 1051 963 1075 ab
981 1049 1028 1075 alia
1045 1055 1115 1083 parte
1134 1049 1255 1075 exercitus

228 1090 397 1119 perrexerunt,
415 1087 474 1114 inde
487 1087 619 1114 Christiani
632 1088 704 1115 valde
718 1089 863 1121 timuerunt,
884 1091 908 1116 δι
923 1099 979 1116 cum
996 1089 1139 1116 Christianis
1152 1090 1255 1124 prelium

230 1133 350 1159 magnum
364 1125 491 1162 inceptum
505 1129 539 1154 est
554 1130 577 1154 δι
593 1129 692 1155 duravit
706 1138 735 1155 ea
748 1129 788 1155 die
801 1130 878 1164 usque
891 1130 922 1155 ad
938 1130 1061 1164 vesperas.
1085 1131 1157 1156 Hora
1171 1135 1256 1155 autem

229 1166 366 1200 vespertina
380 1167 504 1201 veniente,
525 1168 656 1195 Christiani
668 1169 766 1195 fortiter
778 1178 835 1195 cum
849 1169 958 1203 Paganis
972 1171 995 1195 δι
1010 1170 1148 1196 Sarracenis
1160 1178 1258 1204 pugna-

230 1213 327 1233 verunt.
346 1206 466 1234 Videntes
480 1209 607 1234 Sarraceni
620 1209 643 1234 δι
659 1208 763 1242 Pagani,
783 1208 921 1234 fortitudini
938 1209 1132 1235 Christianorum
1154 1210 1259 1235 resistere

231 1257 282 1274 non
297 1248 374 1284 poffe,
387 1255 455 1276 retro
467 1250 491 1276 se
502 1250 622 1276 facientes
635 1250 722 1284 fugam
733 1249 865 1284 petierunt.
882 1251 923 1275 Set
936 1250 994 1284 quia
1004 1250 1028 1275 in
1041 1250 1118 1284 galeis
1128 1250 1260 1276 ascendere

232 1297 283 1315 non
297 1295 441 1324 potuerunt,
461 1290 533 1316 multi
546 1299 576 1316 ex
593 1290 639 1316 illis
654 1290 679 1316 in
698 1296 764 1316 terra
781 1291 805 1315 δι
826 1299 892 1323 aqua
907 1290 961 1315 sunt
975 1290 1066 1315 mortui
1080 1291 1103 1316 δι
1119 1290 1224 1322 sumeffi,
1237 1290 1260 1315 δι

234 1329 266 1355 de
287 1329 431 1355 Christianis
451 1330 522 1356 multi
545 1329 666 1356 vulnerati
688 1330 752 1356 sunt.
777 1331 819 1356 Set
842 1339 871 1355 ea
895 1330 935 1355 die
955 1329 1039 1356 divino
1061 1330 1152 1356 auxilio
1173 1338 1260 1364 parum

234 1369 378 1396 Christianis
391 1376 542 1404 nocuerunt3
555 1370 662 1405 leg-imus
676 1370 741 1396 enirn
756 1369 780 1395 in
793 1369 894 1404 epistola
907 1370 992 1396 Pauli:
1012 1369 1038 1395 Si
1048 1372 1115 1396 Deu:
1125 1375 1172 1404 pro
1186 1369 1261 1401 nobis,

235 1409 287 1443 quis
300 1414 385 1436 contra
398 1409 462 1436 nos?
479 1410 611 1443 [Roman.‚
626 1418 688 1442 vm,
707 1411 757 1442 3¹·]
775 1410 850 1436 Nulla
863 1410 956 1445 quippe
969 1410 1078 1436 humana
1092 1410 1177 1444 lingua
1192 1410 1262 1435 mise-

235 1449 284 1475 ria:
295 1450 320 1476 δι
334 1450 449 1484 langores
463 1458 493 1476 ac
504 1450 700 1476 Christianorum
714 1449 880 1482 infirmitates,
890 1459 953 1484 quas
967 1450 1099 1477 Christiani
1109 1450 1132 1476 in
1144 1450 1263 1476 Damiate

236 1489 365 1515 obsidione
379 1498 425 1524 pro
445 1489 540 1516 Christi
562 1499 648 1516 amore
667 1490 725 1524 paffi
747 1490 856 1522 fuerunt,
877 1490 948 1524 plene
970 1489 1049 1524 posset
1069 1489 1200 1524 explicare.
1223 1490 1264 1515 De

238 1529 320 1555 mense
333 1538 393 1555 vero
406 1529 505 1564 Aprilis
517 1530 629 1565 proxime
642 1530 761 1556 venientis
774 1539 816 1556 rex
827 1529 984 1564 Egyptiacus
1000 1530 1023 1555 δι
1039 1529 1192 1555 Corradinus
1207 1539 1264 1555 cuin

238 1577 332 1603 magna
345 1569 508 1603 Paganorum
521 1570 545 1595 ὅτ.
559 1570 750 1595 Sarracenorum
765 1569 925 1595 multitudine
937 1569 968 1594 ad
984 1569 1178 1595 Christianorum
1192 1569 1266 1595 fossa-

238 1614 292 1634 tum
313 1608 440 1634 venientes
465 1608 557 1635 bellum
580 1609 734 1635 fortiffimum
759 1618 817 1635 cum
842 1609 986 1635 Christianis
1007 1609 1122 1635 inierunt.
1151 1609 1266 1635 Similiter

239 1648 376 1680 sarraceni,
395 1648 438 1683 qui
455 1647 480 1674 in
504 1649 624 1675 Damiate
644 1649 744 1675 civitate
761 1649 874 1681 aderant,
893 1649 924 1674 de
942 1649 993 1683 ipsa
1013 1655 1131 1675 exeuntes
1145 1648 1229 1683 ignem
1242 1650 1266 1674 &

239 1687 355 1715 sulfurem
372 1689 501 1715 accensum
525 1689 595 1724 super
613 1689 807 1716 Christianorum
829 1694 914 1723 gattos
929 1688 1084 1723 proiecerunt
1101 1689 1125 1714 δι
1142 1698 1184 1714 eos
1198 1698 1268 1715 com—

240 1727 378 1761 bufferunt,
398 1729 466 1755 unde
489 1729 618 1754 Christiani
639 1737 760 1763 magnum
780 1729 920 1754 habuerunt
943 1727 1072 1761 dolorem
1094 1737 1268 1763 pugnaverunt

241 1776 350 1802 namque
363 1769 438 1794 ambe
451 1774 535 1803 partes
549 1768 651 1794 viriliter
663 1769 687 1794 δι
699 1767 834 1794 fortiffime.
847 1767 966 1794 Tandem
982 1767 1063 1802 gratia
1078 1767 1180 1793 Domini
1194 1768 1268 1794 nostri

243 1807 362 1834 crucifixi
377 1807 456 1843 fugati
469 1808 569 1835 fuerunt
580 1809 677 1843 Pagani
690 1810 713 1834 δι
727 1809 751 1834 in
761 1818 792 1835 eo
807 1808 872 1834 bello
885 1816 1006 1842 magnum
1020 1807 1182 1834 sustinuerunt
1193 1807 1268 1834 detri—

242 1853 374 1881 mentum3
394 1848 488 1882 gratias
502 1850 526 1874 δι
542 1849 628 1875 laudes
643 1848 755 1874 Domino
775 1848 858 1874 nostro
874 1848 945 1874 Ihesu
961 1846 1060 1873 Christo
1074 1847 1216 1873 referamus!
1239 1848 1267 1873 In

244 1887 327 1912 mense
340 1896 400 1913 vero
413 1888 496 1922 Madij
511 1888 643 1922 sequentis,
657 1887 698 1914 die
710 1887 846 1914 Dominico
860 1887 940 1922 primo
955 1886 1041 1912 menfis
1053 1886 1160 1912 eiusdem
1174 1887 1225 1912 dux
1237 1886 1268 1911 de

246 1926 376 1953 nonaria
395 1927 442 1953 iter
460 1927 595 1962 navigandi
616 1927 648 1953 ad
670 1927 826 1962 patriamque
851 1927 918 1953 suam
942 1925 1059 1952 redeundi
1078 1925 1178 1960 incepit,
1204 1926 1269 1952 unde

245 1966 375 1993 Christiani
394 1967 467 1993 valde
484 1967 539 1993 sunt
560 1967 704 1999 contristati,
726 1967 840 1993 soldanus
854 1968 878 1992 δι
899 1966 1053 1993 Corradinus
1067 1966 1199 2000 plurimum
1215 1967 1270 1992 sunt

245 2006 329 2041 givifi.
352 2007 584 2042 Appropinquante
604 2007 644 2032 die
663 2007 761 2040 oelava,
782 2007 897 2033 soldanus
910 2007 934 2032 δι
949 2005 1101 2032 Corradinus
1121 2014 1178 2031 cum
1199 2006 1269 2032 omni

245 2052 322 2080 gente
339 2055 425 2072 eorum
439 2046 509 2080 super
523 2045 658 2072 exercitum
670 2045 864 2072 Christianorum
880 2045 994 2071 insultum
1005 2045 1116 2071 fecerunt
1131 2046 1155 2072 δι
1165 2054 1208 2080 per
1221 2045 1271 2071 vim

247 2085 272 2111 in
287 2085 378 2112 fofl'ato
387 2085 582 2113 Christianorum
595 2086 715 2111 intrantes
726 2085 829 2120 prelium
846 2094 965 2119 magnum
976 2093 1033 2110 cum
1046 2085 1189 2111 Christianis
1203 2094 1271 2111 com-

248 2125 375 2158 miserunt,
395 2125 564 2152 indubitanter
588 2125 726 2156 credentes,
747 2124 899 2151 Christianos
920 2125 952 2150 de
968 2124 1056 2159 Egipti
1068 2131 1132 2150 terra
1146 2124 1214 2160 poss'e
1231 2134 1272 2151 ex-

249 2165 338 2201 pellere
354 2166 378 2191 &
396 2174 439 2192 eos
459 2171 589 2200 tamquam
604 2165 716 2199 captivos
737 2165 762 2190 in
786 2165 829 2190 sua
845 2164 966 2199 potestate
985 2164 1087 2196 habere,
1106 2164 1146 2190 sed
1160 2165 1273 2191 Domino

1075 2212 1106 2232 ¹2

1254 377 1312 400 ¹2¹9
1339 382 1349 392 ι

1253 403 1322 425 Mart.
1333 407 1369 431 3¹·

1282 1890 1338 1920 Maj.
1352 1897 1372 1920 5.

1284 2013 1340 2043 Maj.
1352 2013 1373 2035 8.
