1624 2788
392 255 458 291 126
679 264 872 291 mmmm-,s
890 265 941 291 DE
960 265 1107 292 TULmA

314 391 374 415 ηις
387 372 444 409 nifi
455 373 598 410 camelos
617 370 651 409 δι’
671 374 748 410 alias
760 373 874 410 bestias
891 374 984 420 solas,
1002 375 1037 410 &
1053 387 1136 410 unus
1152 375 1298 423 Paganus
1315 387 1414 412 voca-

274 705 336 728 Febr.
349 711 371 736 5.

259 1349 323 1372 Febr.
335 1356 372 1372 20.

272 1670 337 1692 Mart.
349 1677 371 1699 9.

256 1992 323 2015 Mart.
336 1999 371 2022 3¹·

386 428 433 463 vir.
449 428 576 462 nostros
592 429 627 463 &
644 427 740 463 dixit:
775 430 889 471 Venite,
915 431 985 474 quia
1007 431 1131 475 Pagani
1140 431 1256 475 fugam
1277 441 1415 475 ceperunt

386 481 417 515 δ’
433 495 569 529 campum
584 495 649 516 cum
669 483 804 516 omnibus
821 483 906 516 bonis
923 482 1123 527 dimiserunt!

433 534 519 570 XVI.
537 535 632 570 Tunc
650 534 805 570 intellexit
826 533 1011 570 christianus
1029 534 1196 579 exercitus,
1218 533 1310 581 quod
1328 534 1414 570 Cru-

385 588 497 624 cifixus
516 586 645 623 mififfet
666 588 739 623 suos
761 587 878 623 milites
904 586 947 622 ad
971 586 1231 636 expugnandum
1247 586 1331 632 illos,
1360 588 1416 634 qui

385 655 456 678 non
479 641 687 677 crediderunt
706 643 740 677 in
760 654 847 686 eum,
871 642 906 676 &
929 641 1101 676 Christiani
1126 639 1324 685 tranfierunt‚
1348 641 1416 676 lau-

385 695 500 732 dantes
523 695 688 731 Christum
712 696 747 730 δε
766 696 899 731 Beatam
916 695 1093 743 Agachem,
1109 701 1118 717 ¹
1140 695 1175 730 in
1195 707 1263 742 quo
1281 693 1334 729 die
1351 693 1417 729 hoc

384 750 455 794 fuit,
472 750 507 784 &
526 749 620 784 multi
636 749 813 793 Sarraceni‚
838 749 895 796 qui
916 749 1030 797 fugam
1048 749 1239 793 nescierunt,
1256 748 1417 783 interfetffi

385 804 525 847 fuerunt,
552 803 587 837 ὅ(
611 814 699 836 totus
724 802 879 837 exercitus
897 802 1003 837 noster
1022 814 1194 838 renovatus
1211 802 1255 836 est
1272 814 1292 836 a
1306 801 1416 849 spoliis

384 869 512 900 eorum,
537 857 572 890 &
593 854 747 890 dominus
770 855 895 903 legatus
912 855 1058 903 precepit
1075 854 1230 890 fossatum
1249 855 1336 890 circa
1355 867 1416 889 nos
1431 863 1485 893 f.31
1500 863 1522 886 b.

385 908 574 945 faciendum
591 910 626 943 &
644 921 784 956 pontem
807 909 841 943 in
859 907 1004 954 flumine,
1031 910 1066 944 &
1091 908 1132 943 s1c
1149 907 1351 943 circumdata
1373 908 1417 943 est

385 963 551 1007 Damiata,
569 962 662 1010 quod
678 975 739 997 nec
756 963 852 1006 exire,
871 974 933 998 nec
950 963 1067 998 intrare
1081 975 1181 997 nemo
1199 973 1337 1009 poterat.

431 1015 529 1052 XVII.
548 1018 737 1064 Sciatisque‚
762 1015 854 1064 quod
879 1015 920 1051 de
938 1014 1085 1050 biscoeto
1101 1016 1136 1050 &
1153 1014 1195 1050 de
1211 1013 1305 1050 lardo
1324 1016 1358 1050 &
1375 1013 1417 1050 de

384 1068 453 1103 aliis
467 1069 659 1105 vie'tualibus
672 1069 903 1106 habundancia
915 1069 975 1104 fuit
987 1069 1021 1104 in
1036 1069 1187 1112 exercitu,
1206 1067 1262 1103 sed
1275 1068 1318 1104 de
1331 1081 1416 1116 pane

384 1124 505 1158 recenti
521 1125 556 1158 &
573 1123 615 1158 de
641 1137 738 1159 carne
754 1125 789 1158 δε
807 1123 848 1158 de
866 1123 945 1159 vino
963 1123 1112 1158 carencia
1138 1122 1197 1157 fuit
1215 1122 1297 1165 talis,
1324 1121 1416 1169 quod

385 1189 466 1212 unus
483 1177 563 1212 aries
576 1189 784 1226 comparatus
802 1177 861 1212 fuit
873 1189 893 1211 x
906 1177 1017 1211 uncias
1031 1176 1204 1224 argenti&
1220 1174 1343 1224 gallina
1355 1187 1417 1210 tres

385 1229 540 1265 bisantios
557 1231 591 1265 ὅ(
610 1244 712 1266 unum
729 1243 830 1266 ovum
842 1231 864 1275 ij
884 1229 1023 1275 solidos3
1042 1229 1084 1264 de
1100 1229 1180 1265 vino
1197 1241 1267 1263 non
1284 1226 1418 1276 poss'um

386 1282 479 1319 vobis
496 1297 652 1319 enarrare.

434 1337 542 1372 XVIII.
562 1337 596 1372 Et
612 1337 686 1385 post
698 1337 843 1384 spacium
861 1335 1050 1384 quindecim
1067 1334 1195 1370 dierum
1213 1333 1366 1370 soldanus
1383 1336 1418 1370 δε

386 1390 574 1429 Coradinus
602 1403 769 1427 venerunt.
801 1391 897 1425 Tunc
923 1388 1076 1438 superbus
1102 1386 1289 1424 Cotadinus
1320 1387 1416 1424 dixit:

388 1448 417 1481 Ο
435 1447 462 1480 C
463 1448 600 1490 hristiani
618 1458 690 1492 ergo
709 1458 758 1479 aut
777 1457 905 1491 oportet,
922 1457 977 1478 nos
999 1444 1168 1478 :mahumet
1185 1455 1296 1488 negare
1313 1442 1344 1476 δ’
1362 1442 1418 1487 qffe

387 1502 587 1545 Christianos,
613 1512 665 1533 aut
688 1512 740 1533 vos
768 1500 917 1544 Christum
938 1497 969 1532 δ’
994 1498 1050 1543 effe
1078 1499 1232 1543 Paganos.
1262 1495 1297 1530 Et
1322 1508 1417 1531 vene-

385 1565 459 1589 runt
477 1553 571 1601 super
588 1565 649 1587 nos
667 1551 709 1587 ab
722 1552 775 1587 illa
792 1563 895 1600 parte,
914 1550 969 1586 ubi
987 1563 1057 1585 non
1074 1561 1142 1585 erat
1155 1547 1310 1584 foffatum
1324 1561 1415 1584 com-

384 1607 521 1656 pletum,
540 1607 575 1640 &
592 1606 714 1640 mortui
731 1605 862 1640 fuerunt
881 1604 923 1639 de
940 1604 1074 1652 Paganis
1092 1602 1156 1638 fine
1173 1615 1320 1638 numero,

433 1660 606 1695 XIX-XXI.
624 1662 761 1694 Intrante
774 1659 891 1693 Martio
906 1670 999 1692 nono
1013 1656 1066 1692 die
1079 1656 1168 1692 venit
1182 1655 1369 1691 Cotadinus
1378 1657 1417 1690 ,δε

386 1714 481 1749 frater
502 1714 569 1748 eius
596 1712 748 1748 soldanus
773 1725 850 1747 cum
875 1724 946 1747 tota
963 1724 1060 1759 gente
1087 1723 1204 1745 eorum
1219 1711 1254 1744 &
1272 1709 1418 1744 fecerunt

386 1768 564 1802 tentorium
590 1780 692 1802 unum
720 1778 796 1801 ante
826 1778 888 1800 nos
912 1766 947 1800 &
969 1764 1014 1800 ibi
1039 1763 1254 1799 comederunt
1280 1762 1417 1811 gallinas

386 1819 466 1855 duas
483 1832 619 1868 propter
635 1821 885 1864 sacramentum,
912 1818 1003 1866 quod
1022 1819 1098 1853 fecit
1115 1816 1314 1862 Cotadinus,
1341 1817 1417 1864 quia

385 1873 518 1910 volebat
535 1886 609 1909 ante
624 1872 779 1908 foffatum
792 1873 937 1907 nostrum
950 1885 1081 1907 manere
1096 1871 1139 1907 ad
1153 1869 1294 1906 dedecus
1308 1869 1416 1905 Chris-

386 1929 562 1970 tianorum,
581 1929 615 1962 &
633 1927 754 1962 mortui
772 1926 901 1960 fuerunt
918 1938 957 1960 ex
973 1925 1034 1960 illis
1052 1925 1154 1959 multi.

434 1981 531 2016 XXII.
563 1983 596 2015 In
619 1979 671 2015 die
699 1992 777 2015 vero
795 1979 888 2014 Rami
906 1979 1100 2027 palmarum,
1123 1978 1224 2012 sciens
1246 1976 1415 2020 soldanus,

388 2034 479 2082 quod
496 2033 687 2070 volebamus
701 2033 816 2068 festum
829 2031 1001 2074 celebrare,
1021 2031 1158 2079 qualiter
1170 2031 1313 2066 Christus
1327 2031 1417 2066 venit

426 2160 434 2176 ι
454 2151 511 2176 Cod.
527 2150 664 2184 Agnetem.
