1624 2788
382 278 432 316 94
844 275 972 302 GEsTA

310 402 369 426 1219
383 386 414 419 δ’
430 399 466 420 ηε
487 387 589 420 dicant
607 387 638 419 in
659 387 797 420 cordibus
809 387 899 432 suis:
924 386 974 419 ubi
991 388 1030 431 est
1046 387 1134 419 ‘Deus
1149 386 1412 430 Christianorum?

382 439 413 473 δ’
422 441 521 485 presta
538 439 624 472 nobis
631 451 689 484 per
707 438 948 485 ‘Tuamsanblam
961 440 1094 484 gratiam
1111 437 1142 472 G·
1160 439 1409 484 misericordiam,

382 505 414 525 ut
434 504 551 538 gentem
563 493 713 538 perfidam
731 492 761 526 δέ
780 492 929 526 crudelem
956 494 988 526 in
1006 494 1102 536 nostra
1129 492 1283 526 valeamus
1306 492 1413 526 habere

382 547 501 587 virtute,
520 546 660 579 Salvator
677 546 790 588 mundi,
810 547 860 590 qui
878 547 908 579 in
927 543 1077 579 Trinitate
1094 547 1171 578 vivit
1191 544 1222 578 δ’
1238 557 1346 590 regnat
1359 550 1369 566 ¹
1382 547 1412 579 in

372 599 479 645 secula
484 599 669 644 seculorum.
693 601 804 633 cAmen.
837 597 999 632 Intrinseci
1016 609 1126 632 autem
1148 595 1277 645 lignum
1300 596 1412 633 levan-

382 663 439 696 tes,
453 651 559 686 statim
573 650 746 686 soldanum
758 663 834 685 cum
848 663 968 699 magna
982 649 1192 686 multitudine
1206 650 1412 698 Paganorum

381 703 424 739 ad
451 704 550 739 castra
572 704 829 739 Christianorum
855 705 1078 752 pervenientes
1103 706 1137 739 &
1152 711 1167 726 ²
1187 715 1411 752 expugnantes

381 770 438 805 per
459 758 526 793 vim
545 758 631 792 intus
659 757 813 793 fossatum
831 757 1100 803 Christianorum,
1113 763 1125 787 ³
1148 756 1312 804 quando4
1335 757 1412 793 civi-

380 823 481 846 tatem
506 810 751 859 expugnabant,
776 811 976 846 intraverunt
1001 812 1036 845 &
1052 817 1064 841 5
1086 811 1212 846 fortiter
1241 824 1318 846 cum
1342 810 1412 855 illis,

380 865 486 911 quiin
513 863 660 899 custodia
685 865 914 908 remanserant,
939 877 1168 912 pugnaverunt
1186 865 1231 908 &‚
1253 865 1267 887 ⁶
1285 876 1411 911 quanto

379 918 492 952 fortius
501 916 746 965 expugnabant,
762 929 855 952 tanto
870 917 983 952 fortius
994 916 1411 965 expugnabanturaChris-

378 971 484 1015 tianis,
510 972 544 1005 δε
561 971 626 1005 hoc
643 969 765 1005 bellum
782 970 911 1006 duravit
927 983 986 1018 per
1003 970 1085 1005 duos
1104 970 1179 1006 dies.
1199 970 1375 1006 Christiani
1397 977 1411 1000 ⁷

378 1024 543 1059 civitatem
562 1037 678 1071 capere
696 1023 876 1069 credentes,
903 1023 944 1058 ab
964 1037 1002 1059 ea
1020 1023 1184 1059 discedere
1203 1023 1361 1060 nolebant
1377 1025 1411 1059 &

377 1077 470 1111 multi
484 1077 496 1099 ⁸
514 1077 688 1112 Christiani
699 1083 713 1106 9
731 1078 853 1112 mortui
870 1077 951 1112 sunt.
966 1084 994 1100 ¹0

425 1130 540 1165 XXXI.
573 1129 814 1166 custodiebant
825 1137 851 1153 ¹¹
867 1131 1033 1166 Sarraceni
1063 1130 1229 1166 civitatem
1258 1131 1411 1166 Damiate

377 1183 434 1219 sub
451 1184 506 1219 tali
523 1182 726 1229 conditione,
747 1183 839 1231 quod
859 1197 923 1219 una
936 1197 1010 1232 pars
1024 1190 1125 1219 erat¹²
1138 1185 1261 1219 circum
1276 1185 1412 1219 Damia-

377 1249 455 1280 tam‚
481 1237 544 1272 alia
569 1236 771 1272 custodiebat
798 1237 944 1273 lizimon.
971 1237 1070 1272 Cives
1097 1238 1245 1282 civitatis,
1273 1236 1408 1284 quando

377 1290 546 1333 volebant,
566 1289 658 1337 quod
678 1291 832 1325 exercitus
850 1304 907 1326 eos
932 1291 1138 1336 succurreret,
1160 1290 1313 1327 levabant
1330 1303 1410 1325 con-

378 1343 492 1379 finium
522 1356 638 1378 eorum
673 1344 767 1391 super
799 1343 964 1379 murfitam
999 1346 1034 1379 &
1067 1344 1238 1392 ponebant
1269 1344 1410 1392 superius

377 1397 490 1445 ignem
515 1397 696 1432 accensum.
728 1399 849 1432 Interea
875 1397 1010 1444 quidam
1037 1399 1239 1443 Sarracenus,
1273 1399 1408 1432 tastus¹³

377 1449 486 1486 divina
507 1451 621 1498 gratia,
643 1449 685 1485 de
710 1451 838 1486 civitate
856 1451 1047 1486 Damiata¹4
1063 1452 1161 1487 exivit
1178 1452 1213 1486 &
1229 1450 1272 1486 ad
1289 1449 1409 1498 baptis-

377 1517 469 1539 mum
482 1504 616 1540 veniens
633 1510 658 1533 ¹⁵
675 1505 709 1539 &
734 1503 776 1539 acl
795 1503 923 1539 domini
944 1504 1043 1552 legati
1069 1505 1169 1553 pedes
1182 1504 1300 1540 stans¹⁶
1320 1503 1409 1549 dixit,
1422 1515 1455 1539 M.
1469 1516 1483 1539 f.
1495 1517 1527 1543 64
1538 1514 1564 1536 c.

377 1557 504 1605 quod¹⁷
521 1556 562 1591 de
578 1558 760 1593 Sarracenis
778 1558 899 1592 mortui
914 1559 948 1592 &
961 1558 1120 1594 vulnerati
1136 1558 1209 1593 sunt
1226 1558 1325 1602 mille,
1344 1557 1409 1603 alii,

377 1611 433 1658 qui
451 1609 636 1654 veniebant,
659 1610 823 1655 dicebant,
850 1610 941 1658 quod
962 1612 1075 1658 quinta
1092 1624 1166 1659 pars
1185 1623 1314 1646 mortua
1332 1623 1408 1646 erat.

375 1664 526 1699 Similiter
544 1662 611 1697 duo
625 1664 757 1712 Pagani,
776 1663 818 1699 de
831 1665 969 1699 exercitu
987 1664 1113 1699 soldani
1129 1665 1307 1710 venientes,
1327 1678 1409 1700 retu-

375 1717 481 1752 lerunt
506 1716 645 1751 domino
662 1717 785 1766 legato,
815 1717 907 1765 quod
925 1717 1175 1753 innumerabiles
1202 1731 1241 1753 ex
1267 1719 1310 1753 eis
1336 1718 1408 1753 sunt

376 1771 498 1804 mortui
514 1772 548 1805 &
565 1771 723 1806 vulnerati
735 1772 770 1806 &
782 1772 865 1806 inter
883 1784 1030 1806 mortuos
1047 1773 1082 1806 &
1095 1771 1267 1807 semivivos
1285 1772 1320 1806 &
1337 1784 1406 1815 eos,

414 1895 423 1909 1
442 1886 466 1911 P.
479 1894 524 1911 om.
539 1885 563 1911 in
577 1886 656 1911 secula
674 1885 747 1911 secul.
766 1886 830 1912 Am.
849 1901 885 1905 —-
903 1896 919 1911 2
933 1887 972 1912 M.
984 1895 1029 1912 om.
1053 1901 1088 1905 —
1112 1895 1123 1918 3
1138 1886 1163 1911 1².
1176 1894 1220 1912 om.
1233 1901 1268 1904 —
1280 1894 1297 1917 4
1312 1887 1339 1912 P.
1354 1887 1405 1921 qui.

376 1938 408 1943 —
431 1934 443 1957 5
458 1925 485 1950 P.
500 1925 562 1951 add.
578 1934 644 1950 cum.
667 1940 699 1944 —-
723 1929 738 1951 6
752 1926 778 1951 P.
794 1935 836 1951 om.
850 1927 935 1951 verba
948 1926 981 1951 ab
994 1927 1017 1952 δι
1030 1925 1104 1959 usique
1115 1927 1152 1951 ad
1162 1925 1268 1951 duravit.
1288 1940 1321 1945 —
1338 1935 1351 1956 7
1367 1927 1404 1952 Μ.

374 1964 460 1998 ipsam.
474 1980 509 1983 -—
524 1967 536 1990 8
554 1966 578 1990 P.
591 1974 666 1999 quarn
680 1965 771 1999 plures,
786 1980 819 1985 —
833 1975 847 1998 9
864 1967 887 1991 P.
900 1967 961 1991 add.
972 1966 1041 1991 iuxta
1054 1965 1179 1991 fossatum.
1194 1981 1229 1984 —
1245 1975 1275 1991 ιο
1290 1967 1326 1991 Μ.
1340 1968 1403 1992 add.

375 2004 408 2029 ibi
428 2004 555 2030 vulnerati.
575 2020 609 2024 —-
633 2015 659 2030 ιι
676 2007 702 2031 P.
718 2015 762 2032 om.
776 2007 861 2032 verba
877 2007 909 2031 ab
922 2006 1094 2031 custodiebam
1108 2007 1182 2040 usque
1196 2007 1233 2031 ad
1244 2007 1350 2031 Interea.
1370 2022 1406 2025 —

378 2052 407 2069 η
424 2045 460 2070 Μ.
475 2051 595 2070 cernei-at.
611 2060 646 2064 -—
666 2054 694 2076 13
709 2046 747 2071 M.
761 2046 838 2071 tacto.
860 2060 891 2064 ·-
910 2055 940 2077 14
954 2046 978 2071 P.
1001 2055 1044 2071 om.
1063 2061 1097 2065 -
1114 2055 1141 2079 ¹5
1158 2047 1182 2072 P.
1196 2055 1240 2071 om.
1255 2047 1279 2071 «St
1292 2047 1324 2071 ad
1337 2047 1405 2079 bapt.

375 2092 429 2109 ven.
444 2099 477 2103 —-
494 2087 523 2110 16
539 2086 579 2110 M.
596 2085 709 2110 stantem.
730 2100 761 2104 --
786 2095 814 2116 ¹7
827 2086 852 2111 P.
866 2085 929 2119 leg..·
942 2086 1079 2119 octingenti
1097 2086 1141 2111 viti
1165 2085 1268 2111 bellicosi
1290 2086 1312 2111 in
1329 2086 1406 2120 prelio

374 2123 497 2149 interemti
522 2131 592 2150 erant
611 2126 634 2150 δι
656 2125 848 2152 innumerabiles
869 2125 990 2152 vulnerati
1005 2126 1152 2162 finoenliam
1172 2126 1276 2161 nostram
1299 2126 1406 2154 omittens

375 2163 447 2199 usque
462 2164 586 2191 Similiter.
