1624 2788
361 255 428 293 124
659 251 852 278 IOHANNES
870 251 920 277 nn
939 250 1087 278 TULmA

282 374 340 397 12¹8
354 366 451 406 nobis,
471 367 515 398 ire
531 375 600 398 ante
616 376 674 398 non
686 363 851 410 poffumus,
870 374 951 396 retro
968 363 1071 396 cedere
1087 374 1145 396 non
1162 361 1309 406 valemus,
1327 363 1388 408 sed

354 421 434 464 quast
451 418 600 463 desperati
626 419 656 450 in
666 416 777 463 sabulo
795 416 968 450 manemus!
985 413 1139 450 Secundo
1157 413 1209 449 die
1226 415 1274 449 ira
1290 414 1388 449 maris

355 470 442 518 cepit
467 470 615 518 frangere
646 467 801 504 fossatum
829 466 975 503 nostrum
999 469 1034 503 δε
1060 468 1154 515 super
1180 479 1242 502 nos
1268 467 1388 503 venire.

354 523 449 558 Tunc
466 536 521 558 rex
537 522 704 558 Ierusalem
720 523 755 557 &
775 533 892 556 omnes
908 522 1073 569 principes
1091 521 1248 556 exercitus
1265 519 1310 555 ad
1327 519 1388 555 do-

355 578 482 611 minum
506 576 653 625 legatum
678 586 887 610 cucurrerunt
903 576 938 610 &
957 573 1106 609 dixerunt
1129 574 1172 609 ei:
1203 576 1389 618 erravimus,

355 632 486 672 domine,
499 632 605 674 iniuste
619 632 750 676 egimus,
763 631 953 674 iniquitatem
958 630 1105 673 fecimus,
1125 629 1285 670 intercede,
1298 640 1390 674 parer

354 686 465 727 sanc‘ie,
478 697 538 730 pro
551 686 647 726 nobis,
666 697 735 717 nam
752 696 832 717 mare
841 685 946 729 fregit
956 683 1106 728 foffatum
1123 684 1262 726 nostrum,
1283 681 1315 715 ἃ·
1328 694 1390 716 om-

356 751 407 772 nes
424 740 604 772 moriemur!
636 738 718 771 Unde
735 737 896 781 credimus,
920 737 1000 781 quod
1025 748 1165 782 magnum
1177 747 1333 781 peccatum
1351 737 1391 780 est

357 794 387 824 in
405 792 501 833 nobis,
528 791 558 824 ὁ)
570 792 733 836 servicium
757 793 883 835 nostrum
901 802 958 823 non
978 791 1046 823 Deo
1058 789 1172 835 placet.
1203 789 1307 834 Qare
1323 791 1390 822 ani-

356 857 421 878 mas
447 847 516 878 Deo
542 844 813 878 recommendamus
835 843 866 876 δ’
877 842 1073 889 sant‘lzffimis
1100 843 1235 876 manibus
1261 844 1390 886 vestris!

356 895 536 944 Respondit
561 896 716 931 dominus
739 896 882 944 legatus:
913 896 988 938 Filij
1014 898 1083 938 mei,
1118 897 1271 929 Dominus
1298 897 1392 940 nqfter

356 963 481 996 temptat
504 963 567 993 vos,
594 950 689 984 nolite
715 953 830 992 timere,
859 952 900 983 ite
923 952 984 983 cito
1007 948 1038 982 δ’
1061 950 1220 992 interficite
1241 961 1343 993 equos,
1361 948 1392 982 6·

348 1004 535 1050 sanc‘izffima
554 1016 689 1049 corpora,
708 1017 763 1048 que
780 1014 886 1037 natant
897 1015 955 1048 per
967 1015 1085 1047 aquam,
1102 1004 1230 1048 accipite
1248 1001 1278 1035 ἃ
1292 1004 1390 1047 proii-

357 1059 413 1091 cite
431 1059 461 1090 in
480 1057 540 1091 illa
560 1069 650 1103 parte
663 1057 789 1102 foffati,
818 1057 867 1090 ubi
884 1068 966 1090 mare
990 1058 1130 1101 impetum
1141 1057 1248 1100 facit!
1282 1057 1392 1089 Ponite

357 1123 470 1155 quoque
497 1111 562 1144 vela
588 1113 719 1152 navium,
746 1121 778 1143 ut
794 1122 852 1143 non
869 1109 958 1155 pqffit
975 1122 1053 1153 aqua
1069 1109 1228 1143 corrodere
1235 1108 1390 1154 sabulum,

358 1163 388 1197 ὃ*
397 1167 443 1210 fic
469 1164 678 1198 liberabimur!
704 1161 758 1196 Ad
775 1160 868 1209 quod
891 1160 1079 1196 faciendum
1105 1173 1221 1195 omnes
1245 1172 1394 1195 cucurre-

358 1228 432 1251 runt
457 1217 492 1250 δε
509 1228 612 1263 equos
637 1217 671 1250 &
688 1214 831 1250 cortinas
851 1215 886 1249 δε
911 1214 984 1250 vela
1011 1226 1087 1249 ante
1111 1215 1273 1262 impetum
1296 1214 1394 1248 maris

358 1270 535 1317 posuerunt
559 1271 593 1304 &
617 1268 754 1305 evadere
772 1267 941 1317 putabant.
967 1268 1130 1303 Veniente
1156 1279 1266 1303 autem
1292 1268 1392 1303 tercio

289 1339 307 1352 c·
337 1349 340 1352 -
358 1323 410 1358 die
426 1324 472 1358 ira
486 1324 581 1358 maris
597 1324 683 1370 cepit
697 1334 805 1371 partes
819 1320 926 1356 fossati
940 1316 1076 1365 diruere,
1094 1323 1129 1356 &
1143 1333 1221 1356 tunc
1235 1333 1394 1369 tanquam

359 1377 517 1425 desperati
535 1377 652 1412 ivimus
669 1375 711 1411 ad
725 1375 901 1411 dominum
918 1375 1063 1423 legatum
1082 1375 1230 1409 morituri
1257 1387 1334 1409 cum
1351 1388 1392 1410 eo

359 1433 393 1466 δ(
409 1432 495 1465 circa
512 1429 613 1478 pedes
631 1431 707 1464 eius.
725 1429 816 1464 Cum
834 1441 944 1464 autem
960 1428 1108 1464 venimus
1127 1439 1202 1462 ante
1215 1441 1302 1472 eum,
1321 1428 1392 1476 plo-

360 1483 465 1519 rando
480 1482 632 1519 diximus:
648 1484 817 1527 DOMINI-2,
830 1491 955 1517 SALVA
964 1491 1044 1526 nos,
1058 1484 1236 1517 PERIMUS!
1251 1481 1393 1527 (Matth.‚

359 1547 437 1583 vm,
454 1541 527 1585 25.)
546 1537 579 1571 Et
591 1536 658 1584 ipse
671 1535 861 1571 lacrimabili
876 1547 959 1571 voce
973 1533 1155 1582 respondit:
1171 1537 1281 1570 Eamus
1294 1549 1394 1570 omnes

360 1592 570 1637 adfoffatum!
581 1590 615 1625 Et
627 1591 694 1638 ipse
703 1590 836 1625 veniens
849 1589 944 1636 supra
958 1587 1123 1633 fossatum,
1136 1589 1170 1623 in
1185 1600 1280 1623 cruce
1295 1588 1327 1622 se
1341 1600 1393 1622 ex·

360 1644 464 1680 tendit
482 1644 574 1692 super
592 1656 710 1679 terram
727 1645 762 1678 &
779 1643 991 1690 discooperto
1009 1642 1116 1689 capite
1132 1642 1299 1676 clamavit:
1326 1644 1392 1676 ‘Do-

360 1702 438 1733 mine
456 1700 540 1745 Ihesu
555 1699 682 1742 Christe,
699 1701 751 1743 qui
768 1699 912 1731 excitatus
933 1711 950 1730 α
966 1698 1068 1740 Petro,
1087 1709 1152 1730 cum
1170 1698 1235 1729 eius
1252 1696 1392 1729 navicula

361 1764 550 1798 mergeretur,
581 1752 767 1798 rffpondisti‚
799 1750 950 1784 Momcn
979 1758 1094 1792 FIDEI,
1124 1757 1256 1787 QUARE
1286 1757 1393 1783 num-

360 1814 490 1849 TASTI,
506 1805 536 1838 5⁴
544 1807 650 1849 statim
669 1807 821 1851 imperasti
839 1807 945 1845 ventis,
965 1812 1017 1837 ET
1034 1812 1170 1838 FACTA
1183 1811 1253 1837 EST
1267 1810 1393 1836 TRAN-

361 1867 564 1897 QUILLITAS
585 1867 705 1892 MAR1s
731 1857 873 1903 (Matth.‚
893 1866 971 1901 vm,
992 1855 1055 1901 263
1078 1866 1154 1900 xw,
1174 1858 1249 1904 31),
1276 1857 1394 1889 intende

361 1926 434 1946 nunc
449 1914 593 1958 benignus
602 1913 697 1957 super
710 1913 868 1944 exercitum
886 1913 969 1955 istum
983 1910 1014 1944 6³
1028 1914 1142 1957 impera
1156 1911 1233 1944 mari
1246 1909 1276 1943 6·
1283 1911 1392 1954 fluvio,

361 1967 392 2001 δ’
411 1978 598 2001 convertatur
614 1966 654 1998 ad
672 1966 769 1999 locum
777 1965 869 2010 suum
887 1965 1071 2010 retrorsum!
1094 1963 1190 1997 Hanc
1207 1963 1393 1996 orationem

362 2019 556 2062 audivimus,
569 2019 614 2061 &,
631 2017 718 2052 nulla
734 2015 922 2064 interposita
935 2029 1040 2060 mora,
1058 2016 1207 2064 protinus
1226 2014 1273 2050 sol
1289 2027 1392 2062 appa-

363 2074 423 2108 ruit
442 2070 638 2119 splendidus,
665 2069 725 2105 acfi
751 2070 857 2118 longo
884 2082 1032 2117 tempore
1056 2082 1124 2105 non
1142 2067 1280 2116 pluisset,
1307 2069 1341 2103 ὅ(
1357 2069 1391 2102 in

363 2126 419 2161 illo
434 2125 486 2161 die
499 2124 681 2173 superficies
695 2124 739 2160 est
752 2122 836 2159 adeo
852 2122 976 2167 ficeara,
996 2121 1088 2171 quod
1102 2123 1215 2157 omnia
1227 2121 1389 2167 vidiualia,
1405 2133 1421 2156 f.
1433 2140 1469 2165 3¹·
