1624 2788
424 232 474 258 DE
492 233 667 259 IOHANNE
685 234 785 260 REGE
803 235 1030 261 IERUSALEM.
1168 236 1229 276 131

213 342 295 377 riam
310 340 502 387 habuerunt,
518 343 553 378 &
566 343 780 389 ammirarius,
797 344 854 391 qui
874 344 960 380 mala
978 344 1076 380 verba
1095 344 1234 391 dicebat,
1250 361 1308 385 1219

213 392 258 429 ibi
282 406 428 430 mortuus
453 395 513 430 fuit
535 397 570 430 ὅ(
595 395 783 443 quindecim
804 396 867 441 alii,
896 399 930 432 &
954 398 1048 433 multi
1065 399 1237 435 Christiani

213 447 371 483 vulnerati
386 450 421 483 &
437 449 531 484 multi
548 450 634 496 equi,
659 451 693 484 &
710 449 756 484 illi
780 463 856 485 cum
879 463 1018 486 tremore
1035 451 1236 496 recefferunt,

213 501 248 535 &
264 501 363 536 nostri
382 514 459 537 cum
474 503 609 538 viam-ia
630 504 859 548 remanserunt,
887 503 1055 540 laudantes
1073 505 1238 540 Christum

213 554 248 588 &
264 555 398 590 Beatum
415 558 629 592 Germanum.

261 607 420 645 XXXVII.
453 612 487 644 {n
520 609 572 645 die
597 609 889 658 transfiguracionis
914 611 1052 645 Domini
1081 623 1238 659 ceperunt
1251 627 1309 656 Aug.
1321 634 1342 658 5·

213 660 384 696 Christiani
401 663 563 698 civitatem
580 675 767 711 expugnare
791 665 825 698 &
851 662 1005 698 fossatum
1031 664 1177 712 implere,
1202 666 1237 700 δε

213 725 280 749 erat
307 713 353 749 ibi
380 715 459 750 alius
489 728 590 761 catus,
618 715 754 759 indutus,
778 716 874 760 ferm,
903 717 935 751 in
970 729 1037 763 quo
1068 730 1136 752 tota
1167 718 1236 766 spes

212 767 470 803 Christianorum
495 768 647 816 capiendi
674 770 839 805 civitatem
853 783 931 813 erat,
957 771 991 805 &
1015 771 1133 818 Pagani
1152 771 1236 806 fece-

212 833 286 855 runt
318 819 463 869 fignum,
492 823 527 857 &
556 823 644 858 venit
673 821 824 858 soldanus
854 835 941 858 extra
976 822 1128 858 foffatum
1163 824 1237 859 nos-

212 885 308 917 trum,
334 876 369 909 &
402 886 518 910 omnes
547 875 719 910 Christiani
752 888 959 910 cucurrerunt
988 876 1022 910 in
1050 875 1173 922 sabulo,
1202 878 1237 912 &

211 925 330 974 Pagani
348 928 493 962 exierunt
512 929 546 962 &
563 940 787 963 cremaverunt
804 941 923 973 catum,
935 930 969 963 &
986 930 1106 964 mortui
1122 931 1156 964 ὃ(
1169 930 1237 966 vul-

212 980 313 1014 nerati
342 991 420 1015 tunc
448 980 576 1015 fuerunt
606 981 699 1015 multi
729 981 911 1025 Christiani,
941 983 975 1016 &
1001 982 1115 1027 sciatis,
1144 982 1236 1030 quod

212 1032 357 1079 quinque
373 1045 463 1068 catos
488 1032 584 1068 nobis
600 1046 836 1078 cremaverunt,
862 1036 895 1069 ὅ(
914 1034 1086 1082 plusquam
1104 1048 1236 1071 centum

211 1085 384 1121 Christiani
407 1099 469 1134 pro
487 1087 531 1122 eis
552 1088 673 1122 mortui
691 1087 828 1132 fuerunt,
856 1089 890 1122 ὅ(
908 1088 1025 1135 Pagani
1051 1089 1143 1124 multi
1164 1090 1233 1125 fue-

212 1150 286 1174 runt
301 1139 439 1184 exaltati,
457 1140 629 1175 Christiani
644 1153 723 1176 vero
741 1140 936 1176 conturbati.

259 1191 621 1228 XXXV1!1.Undecimo
628 1192 680 1228 die
688 1194 822 1242 Augusti
831 1207 942 1228 comes
949 1193 990 1229 de
996 1194 1138 1230 Marchia
1144 1209 1233 1231 mor·
1246 1213 1306 1241 Aug,
1320 1219 1329 1235 1
1337 1219 1356 1235 ι,

211 1257 283 1280 tuus
292 1245 363 1290 fuit,
371 1247 405 1281 &
413 1259 524 1281 comes
533 1246 575 1282 de
583 1247 725 1290 Niversa,
733 1260 807 1282 orto
817 1248 917 1292 malo,
927 1247 967 1283 de
978 1249 1116 1284 exercitu
1127 1250 1234 1286 exivit.

212 1301 246 1334 in
269 1298 324 1334 die
346 1298 579 1347 affumpcionis
602 1301 696 1336 Beate
716 1301 816 1335 Marie
845 1301 933 1349 capti
957 1301 1087 1336 fuerunt
1113 1302 1236 1349 septem
1250 1316 1357 1345 Aug.15.

210 1352 375 1387 Sarraceni
401 1354 434 1388 in
451 1351 596 1398 flumine,
622 1354 678 1401 qui
697 1353 886 1389 deferebant
911 1366 1012 1389 cartas
1031 1354 1178 1399 civitatis,
1202 1358 1236 1390 &

211 1418 309 1441 mane
326 1404 369 1441 ad
387 1405 529 1441 dedecus
546 1407 749 1455 paganorum
766 1420 868 1449 aures,
887 1420 979 1442 nares
992 1409 1027 1442 &
1044 1406 1174 1443 brachia
1191 1409 1235 1444 eis

211 1457 345 1494 absciss'a
370 1459 508 1504 fuerunt,
538 1461 572 1494 &
595 1460 680 1494 foras
704 1460 840 1507 proieffl
869 1460 998 1495 fuerunt
1025 1473 1178 1507 quattuor
1201 1464 1236 1498 ὅ(

211 1512 264 1557 alij
281 1512 316 1546 in
336 1512 510 1557 civitatem,
537 1514 571 1548 &
587 1514 753 1548 Sarraceni
775 1526 878 1548 unum
906 1513 947 1548 de
973 1514 1085 1548 nostris
1109 1527 1235 1551 trunca-

211 1577 335 1602 verunt.
367 1567 401 1599 ln
431 1567 550 1601 onstavo
581 1565 712 1601 decimo
741 1565 793 1601 die
824 1567 969 1615 Augusti,
999 1580 1145 1603 mortuus
1176 1570 1235 1604 fuit
1248 1579 1308 1608 Aug.
1323 1579 1357 1601 18.

212 1631 323 1653 comes
341 1617 382 1653 de
399 1618 468 1653 Bar.

259 1671 403 1707 XXXIX.
430 1673 464 1706 In
493 1670 545 1706 die
569 1672 676 1707 Sanc‘fi
705 1672 925 1708 Bartholomei
950 1674 1066 1708 iterum
1088 1687 1234 1712 armave—
1248 1689 1357 1717 Aug.24.

212 1737 286 1760 runt
302 1725 474 1760 Christiani
490 1738 602 1773 εοεαε,
627 1724 682 1760 ubi
710 1726 838 1760 fuerunt
863 1726 955 1769 scale,
982 1728 1016 1761 &
1047 1740 1104 1774 pre
1130 1728 1234 1763 nimio

211 1779 302 1820 cursu
320 1777 462 1813 fluminis
487 1792 555 1814 non
577 1791 752 1827 potuerunt
774 1781 1039 1827 appropinquare
1064 1781 1236 1816 civitati&

212 1832 302 1867 nullo
323 1831 427 1867 modo
445 1831 595 1868 valebant
611 1845 685 1867 eam
705 1846 900 1881 expugnare.
930 1834 1026 1868 Tunc
1053 1847 1110 1881 per
1128 1835 1234 1881 super-

210 1884 300 1920 biam
317 1884 474 1933 peditum,
493 1886 549 1932 qui
563 1884 725 1930 dicebant,
743 1899 858 1921 omnes
875 1887 1066 1933 capitaneos
1081 1886 1144 1922 effe
1159 1900 1235 1935 pro-

212 1937 343 1983 ditores,
369 1938 543 1973 statuerunt
567 1951 714 1987 pugnare
739 1952 815 1974 cum
838 1939 1016 1974 Sarracenis
1042 1941 1075 1975 in
1102 1953 1235 1988 campo,

212 1993 247 2027 &
264 2005 344 2040 gens
362 1992 469 2026 nostra
484 1992 518 2026 in
536 2003 597 2026 tres
615 2005 721 2040 partes
734 1991 833 2027 divisa
851 1992 910 2026 fuit
927 2009 936 2037 3
955 2005 1019 2027 una
1038 2005 1111 2040 pars
1131 1995 1235 2028 custo-

214 2044 324 2080 diebat
344 2045 517 2090 civitatem,
542 2045 604 2081 alia
620 2045 678 2081 ivit
693 2058 751 2095 per
770 2058 901 2094 aquam,
928 2045 990 2080 alia
1010 2058 1068 2096 per
1088 2045 1236 2083 sabulum

214 2096 340 2138 ficcum.
