1624 2788
50 770 84 799 8.,
93 779 114 801 p.
125 776 179 799 ²²5,
190 779 209 793 c.
221 777 243 793 2.

46 1302 176 1331 V.,f.4v⁰‚
190 1309 210 1324 e.
222 1309 242 1325 1.

467 224 775 251 CRUCIGERORUM
801 224 1084 251 RHENANORUM.
1242 226 1260 264 3
1269 226 1286 264 ς

257 335 335 381 dim,
364 336 417 370 cui
446 347 501 370 rex
531 335 675 384 Ungarie
702 336 738 369 ἃ
767 333 834 370 dux
866 335 990 370 Austrie
1020 334 1115 370 nudis
1150 334 1288 383 pedibus
1320 348 1378 370 1217

257 401 465 424 occurrentes
483 387 616 423 osculati
633 387 715 432 sunt,
743 386 876 423 obviam
898 400 1011 424 euntes
1029 387 1167 424 soldano
1182 387 1287 434 Baby-

256 441 356 485 lonie,
390 442 480 477 cuius
510 441 594 476 filius
623 440 821 484 Coradinus,
855 451 1080 489 pugnaturum
1109 441 1141 477 se
1172 453 1289 476 contra

257 494 455 539 christianos,
472 495 655 529 iaetaverat.
678 495 855 530 Venientes
874 495 985 542 itaque
1003 495 1102 530 nostri
1119 494 1162 530 ad
1181 495 1288 529 fontes

257 546 416 592 Tubanie‚
434 546 588 595 premiffis
604 546 874 594 exploratoribus,
901 546 990 596 signa
1008 548 1135 583 hostilia
1160 560 1288 596 cogno-

257 612 381 636 verunt.
394 601 549 647 Sequenti
562 613 639 635 vero
655 598 707 635 die
721 613 827 647 prope
841 613 971 636 montes
984 601 1107 637 Gilboe
1122 602 1288 637 venientes
1302 611 1361 633 Nov.
1370 618 1392 640 4-

258 653 448 688 Bethsanam
465 652 696 701 processerunt,
718 652 775 688 ubi
793 653 893 688 castra
910 654 1022 690 fixerat
1039 654 1237 690 adversarius
1253 655 1288 689 &

256 706 310 741 ille
333 708 429 741 trium
454 719 570 754 regum
586 706 786 753 presenciam
809 707 937 755 fugiens
960 720 1076 743 terram
1098 707 1288 743 vastandam

256 760 384 807 reliquit
410 759 594 795 christianis.
625 759 722 795 Unde
752 761 815 794 Dei
845 761 986 808 populus
1018 761 1203 806 Iordanum,
1233 761 1289 808 qui

255 826 361 861 prope
385 813 440 856 est,
468 811 619 848 tranfiens
641 813 673 847 in
697 813 806 860 vigilia
831 814 972 858 Martini,
997 815 1031 849 in
1056 815 1126 862 ipso
1152 813 1288 862 pacifice
1302 825 1404 847 Nouo.

256 878 396 914 corpora
418 866 508 902 lavit.
543 865 672 900 Deinde
684 866 798 901 ²secus
824 880 912 902 mare
930 868 1057 903 Galilee
1076 866 1284 916 peragrando

255 919 341 963 loca,
364 920 398 954 in
416 918 532 966 quibus
553 918 700 954 Salvator
714 921 921 955 conversatus
939 921 993 965 est,
1011 921 1239 969 conspeximus
1254 923 1288 956 &

255 985 314 1020 per
322 972 568 1020 Capharnaum‚
581 972 728 1007 infirmos
736 974 862 1008 nostros
876 986 1052 1021 portantes,
1064 975 1161 1010 nostri
1170 974 1287 1010 Achon

254 1025 366 1061 reversi
375 1026 448 1060 sunt
466 1038 542 1060 cum
559 1025 765 1061 multitudine
778 1028 986 1074 captivorum
1001 1027 1146 1075 &preda
1156 1041 1286 1076 magna.

254 1079 429 1127 Episcopus
443 1091 553 1114 autem
566 1078 778 1123 Achonenfis‚
792 1079 978 1127 predicator
992 1080 1198 1124 dulciffimus‚
1213 1094 1287 1129 par-

256 1132 350 1168 vulos
363 1145 491 1177 omnes,
509 1145 593 1179 quos
610 1133 662 1168 vel
678 1145 785 1179 prece,
804 1133 856 1168 vel
874 1134 984 1180 precio
1005 1133 1151 1169 obtinere
1168 1135 1287 1182 potuit,

258 1184 434 1233 baptizavit
465 1187 499 1221 &
533 1186 617 1220 inter
649 1186 816 1234 religiosos
850 1187 1015 1234 applicare
1050 1187 1214 1235 disposuit.
1252 1190 1285 1223 ln

258 1237 401 1274 secundo
426 1239 571 1286 equitatu
589 1251 723 1274 ventum
747 1239 791 1274 est
815 1239 858 1274 ad
876 1252 1026 1275 montem
1051 1239 1196 1285 Thabor,
1230 1240 1284 1276 ubi

255 1290 461 1339 impuberem
474 1292 697 1336 sarracenum,
710 1293 797 1327 viam
810 1299 821 1322 ³
834 1292 929 1328 nobis
943 1295 1163 1338 nunciantem,
1182 1294 1283 1329 sacer-

256 1345 350 1381 dotes
384 1343 603 1393 baptizabant.
640 1346 817 1380 Dominica
842 1359 920 1382 vero
956 1346 1115 1382 adventus
1146 1347 1284 1382 Domini
1299 1359 1384 1389 ΒΜ.

254 1400 361 1445 prima
377 1399 540 1446 peregrini
552 1397 594 1433 ad
610 1396 760 1433 laborem
778 1398 849 1433 sunt
865 1399 992 1434 invitati
1008 1401 1043 1434 &
1060 1401 1094 1435 in
1106 1401 1215 1448 primo
1233 1401 1282 1435 in-

254 1451 334 1486 sultu
352 1452 527 1486 straverunt
544 1451 753 1486 castellanum
771 1450 1023 1488 descendentem
1041 1454 1075 1488 &
1088 1453 1284 1488 amiraldum

253 1517 355 1539 unum
372 1517 449 1540 cum
466 1504 560 1539 sociis
580 1505 650 1540 suis.
673 1503 736 1540 Sed
755 1517 824 1539 non
841 1505 981 1540 multum
998 1505 1044 1541 ibi
1058 1519 1223 1542 morantes
1240 1506 1282 1542 ab

252 1558 512 1606 impugnacione
538 1558 629 1593 castri
646 1557 850 1603 recesserunt,
878 1558 1048 1594 aversionis
1076 1561 1129 1595 sue
1153 1561 1282 1596 causam

251 1613 453 1659 ignorantes,
469 1610 524 1646 sed
537 1610 750 1656 credendum,
768 1611 876 1646 Deum
889 1610 944 1646 fibi
958 1613 1016 1647 soli
1031 1613 1172 1661 gloriam
1186 1614 1281 1649 reser-

250 1662 353 1708 vaffe3
366 1677 445 1698 nam
457 1663 514 1711 ipsi
526 1665 639 1712 postea
651 1665 816 1700 Sarraceni
829 1665 966 1700 castrum
979 1665 1163 1713 predistum
1176 1667 1280 1702 famo-

250 1715 401 1752 fissimum
414 1718 554 1765 propriis
567 1716 716 1752 manibus
735 1718 947 1754 devastarunt.
964 1721 995 1753 ln
1009 1721 1107 1754 tercio
1121 1721 1279 1767 equitatu,

251 1782 328 1804 cum
353 1771 534 1818 patriarcha
555 1771 590 1805 ὅ(
606 1771 686 1806 sacri
703 1771 847 1818 episcopi
866 1784 935 1806 non
952 1772 1174 1818 interfuerunt,
1192 1787 1280 1809 exer-

251 1823 331 1858 citus
340 1824 478 1858 Domini
490 1823 570 1858 fines
583 1824 682 1869 Thyri
694 1825 728 1859 &
737 1824 877 1869 Sydonis
891 1825 977 1860 iuxta
986 1826 1154 1874 Sareptem
1167 1826 1276 1862 adivit.

253 1878 285 1911 ln
302 1877 412 1925 vigilia
429 1877 543 1912 natalis
561 1876 728 1925 [Domini]
739 1883 755 1906 4
766 1879 800 1912 &
817 1878 963 1925 sequenti
986 1882 1084 1914 nocie
1101 1880 1278 1915 maximam
1294 1892 1347 1914 Dec.
1360 1898 1397 1920 24.

250 1930 475 1978 tempestatem
500 1929 606 1978 passus
631 1930 675 1966 est
699 1932 734 1966 δε
756 1932 906 1966 omnium
936 1931 1002 1967 fere
1027 1932 1276 1969 necessariorum

289 2079 297 2094 ι
309 2070 332 2095 V
343 2070 545 2104 prudentiam.--
558 2081 571 2097 ι
583 2072 611 2097 V.
617 2071 732 2106 denique.
829 2082 847 2104 4
859 2073 892 2098 D.
902 2072 928 2098 in
940 2074 1007 2098 codd.
1015 2085 1022 2105 ς
1025 2072 1166 2107 supplemus
1178 2082 1212 2099 nx
1227 2075 1275 2100 An-

252 2125 283 2129 —
300 2118 312 2142 3
328 2109 354 2135 B.
364 2118 430 2136 vera.
795 2111 891 2137 nulibus
908 2111 955 2138 Col.
971 2121 1039 2139 max.
