1624 2788
56 1280 89 1304 Μ.
102 1281 157 1312 ί63
170 1283 196 1305 C.

49 1705 102 1730 PJ.
115 1714 155 1731 ιιι
169 1709 198 1731 Α.

509 258 714 284 OBSIDIONIS
735 258 932 284 DAMIATE.
1187 249 1234 294 87

211 370 337 405 miseria
357 376 367 392 ¹
387 369 659 411 Christianorum,
689 369 781 417 quod
802 368 880 404 sicut
903 368 1049 404 infirmus
1066 369 1234 404 sanitatem
1248 388 1307 411 ηις

212 422 380 467 desiderat,
393 423 436 457 ita
449 422 622 458 Christiani
634 422 866 467 desiderabant,
880 436 948 458 non
961 422 1037 458 dico
1050 422 1234 469 comedere,

212 476 265 511 sed
288 488 414 510 tantum
439 475 612 511 herbarum
634 477 804 511 virentiam
827 476 947 520 videre,
973 478 1049 524 quia
1075 489 1143 511 non
1168 487 1235 511 erat

210 528 255 564 ibi
271 529 328 564 nisi
345 529 500 565 sabulum.

259 583 341 618 ΧΙΧ.
370 583 470 617 Nono
502 582 554 618 die
583 583 721 618 intrante
752 583 868 618 Martio
886 590 899 605 2
926 583 1079 618 dominus
1108 583 1233 631 legatus
1245 597 1311 619 Mart.
1324 603 1344 625 9.

212 637 358 684 precepit
388 635 541 670 omnibus
570 636 739 684 magistris,
767 648 802 670 ut
822 649 960 683 pontem
985 635 1172 671 edificarent
1200 637 1234 671 &

211 689 310 724 scalas
335 690 368 724 in
398 689 507 724 cochis
532 691 567 724 ὃς
591 689 690 737 galeis
716 691 750 724 &
776 689 853 724 alias
875 689 1040 724 machinas
1053 696 1065 719 3
1081 689 1235 724 velociter

211 742 418 777 construere4
436 743 471 777 ἅ
500 742 606 777 facere
628 741 792 777 deberent.
816 743 975 777 Statuerat
1003 742 1137 789 quidem
1159 755 1235 777 cum

211 796 304 830 omni
333 795 591 830 Christianorum
616 795 754 830 exercitu
783 796 934 830 Damiate
970 796 1133 831 civitatem
1164 797 1235 831 viri-

210 848 280 883 liter
308 855 527 896 expugnare.5
560 847 720 883 soldanus
755 860 875 893 tamen,
912 861 1089 895 antequam
1126 850 1235 884 civita-

211 913 278 936 tem
295 900 463 946 desereret,
488 901 590 948 ipsam
615 900 711 937 valde
731 902 881 946 munivit,
905 902 917 936 l
936 902 1036 936 millia
1053 903 1139 937 viros
1160 915 1235 950 pro-

211 954 271 990 bos
288 956 322 989 &
344 953 515 989 bellatores
541 955 624 989 inter
648 955 824 1002 amiragios
853 956 887 989 &
912 954 1027 989 milites
1052 957 1086 990 &
1110 954 1235 1003 pedites

210 1008 244 1043 in
261 1021 300 1043 ea
322 1008 431 1055 posuit
452 1008 593 1053 civitate,
623 1009 680 1055 qui
703 1008 807 1056 ipsam
830 1007 943 1043 urbem
970 1008 1184 1044 defenderent
1201 1010 1235 1044 &

210 1073 475 1106 manutenerent3
492 1060 687 1096 habitatores
709 1074 786 1096 vero
804 1061 948 1096 eiusdem
965 1062 1100 1097 civitatis
1111 1063 1125 1086 ⁶
1145 1074 1236 1097 erant

209 1125 250 1148 xx
278 1114 377 1149 millia
401 1114 522 1162 absque
547 1115 685 1163 parvulis
711 1116 745 1149 &
767 1114 951 1150 mulieribus
968 1116 1026 1150 viri
1054 1114 1234 1151 bellatores.

209 1167 359 1203 Similiter
380 1169 414 1203 in
431 1182 505 1204 eam
523 1167 605 1204 misit
621 1170 786 1204 civitatem
805 1169 956 1204 viflualia
974 1168 1016 1204 ad
1032 1182 1137 1204 annos
1151 1169 1234 1204 duos

210 1219 409 1257 sufficientia.

258 1273 329 1309 XX.
357 1276 487 1317 Interea,
516 1274 670 1322 pontibus
697 1276 829 1323 expletis
845 1277 880 1310 &
897 1276 1002 1310 castris
1026 1277 1060 1310 &
1077 1276 1144 1311 aliis
1163 1290 1232 1311 ma-

209 1325 311 1361 chinis
328 1328 526 1371 construfiis,
555 1328 608 1363 die
625 1330 803 1364 Dominica
821 1328 935 1364 menfis
951 1341 992 1364 xv
1010 1330 1119 1364 Martis
1130 1336 1144 1358 7
1173 1329 1232 1364 do·
1245 1341 1310 1363 Mart.
1325 1347 1359 1370 15.

211 1381 313 1414 minus
340 1380 464 1428 legatus
486 1382 521 1415 &
544 1393 598 1415 rex
627 1381 818 1426 lerosolyme
843 1382 878 1416 ὅ(
904 1380 969 1417 dux
996 1380 1036 1416 de
1063 1382 1233 1417 Hostarica

210 1433 244 1466 &
260 1433 440 1480 patriarcha
463 1433 754 1479 Ierosolymytanus
771 1435 806 1468 ὅ(
828 1434 880 1479 alij
899 1433 1024 1469 nobiles
1037 1436 1071 1470 ὅ(
1083 1447 1232 1482 potentes

210 1485 269 1520 viri
290 1484 416 1520 insimul
439 1486 469 1520 se
488 1485 710 1521 coadunantes
722 1487 735 1509 ⁸
748 1486 919 1536 diligenter
934 1488 1095 1535 inquirere
1112 1489 1146 1523 &
1171 1487 1232 1522 dis-

211 1550 336 1585 ponere
363 1551 529 1586 ceperum,
560 1539 695 1586 qualiter
718 1540 869 1575 Damiate
896 1541 1007 1576 civitas
1031 1540 1139 1588 posset
1160 1541 1233 1588 capi

212 1591 246 1625 &
263 1590 434 1639 subiugat-i.
449 1598 463 1621 9
486 1591 520 1626 Et
537 1590 617 1626 dum
631 1592 691 1627 hec
707 1605 890 1640 agerentur,
907 1593 1059 1628 soldanus
1075 1594 1233 1629 &¹0Cor-

212 1642 352 1689 radinus,
376 1644 511 1680 civitatis
534 1644 674 1680 Dalmafi
699 1644 863 1691 dominus,
894 1659 969 1681 cum
987 1646 1112 1682 infinita
1128 1648 1233 1682 Sarra-

212 1709 370 1732 cenorum
389 1698 424 1732 &
441 1698 644 1745 Paganorum
669 1698 874 1734 multitudine
891 1700 1066 1734 exercitum
1083 1699 1233 1735 Christia-

212 1762 330 1784 norum
350 1749 643 1786 circumdederunt.
662 1751 836 1787 Venientes
853 1764 962 1788 autem
975 1752 1063 1797 dieti,
1081 1752 1233 1788 soldanus

249 1890 257 1906 ι
274 1882 314 1908 Μ.
331 1882 443 1908 misci-ea.
460 1897 491 1902 -
507 1893 521 1909 2
537 1883 562 1909 P.
575 1883 634 1917 Ieg.:
647 1884 739 1910 Altera
753 1893 861 1919 namque
878 1885 927 1911 die.
943 1900 977 1904 —
991 1894 1004 1918 3
1022 1886 1062 1912 M.
1077 1886 1129 1911 aliis
1138 1887 1231 1913 machi-

210 1921 256 1946 nis.
273 1936 304 1940 —
319 1932 336 1952 4
355 1922 382 1947 P.
397 1922 559 1948 construxere·
579 1939 602 1943 --
623 1931 634 1954 ς
652 1924 692 1949 Μ.
708 1924 737 1949 Β
746 1925 772 1950 1³.
788 1931 966 1959 expugnantes.
977 1941 1011 1944 —
1026 1928 1039 1951 ⁶
1056 1927 1095 1952 M.
1108 1928 1167 1952 add.
1178 1926 1229 1961 qui.

211 1975 242 1979 —
259 1970 272 1991 7
282 1961 330 1987 Hic
337 1961 399 1987 luctu
409 1962 566 1995 corrigendus
573 1962 615 1995 ψ
624 1962 740 1996 videtum
750 1963 802 1989 dies
811 1964 907 1998 quintus
916 1965 1021 1991 decimus
1028 1966 1122 1992 Martis
1131 1967 1235 1999 nonfuit

209 2001 261 2026 dies
279 2001 398 2027 dominica
411 2001 461 2034 sed
477 2002 528 2027 dies
545 2002 652 2033 Veneris,
669 2011 746 2036 quare
766 2003 892 2037 legendum
910 2005 952 2038 qffe
968 2005 1114 2039 censeremus
1126 2006 1184 2040 xvij.
1206 2008 1232 2032 P.

211 2039 270 2074 legit
280 2049 296 2065 x
309 2040 358 2066 kal.
381 2042 522 2075 Februarij5
545 2042 595 2067 1011.
611 2042 641 2067 de
656 2041 746 2068 Tulhia
760 2044 788 2068 ὅ
797 2044 853 2069 Cod.
868 2043 978 2070 Heidelh.
993 2051 1101 2071 narrant
1116 2055 1125 2070 ι
1138 2048 1231 2072 Sarra-

212 2088 222 2102 ·
237 2087 303 2105 cenos
315 2080 449 2114 quindecim
458 2081 543 2107 diebus
550 2082 600 2115 post
607 2082 829 2115 tramfruationem
846 2083 991 2117 Christianos
1000 2085 1170 2119 aggrgffosfui
1186 2094 1206 2111 e.
1219 2097 1228 2110 ι

209 2132 242 2137 -
256 2121 270 2144 8
284 2119 311 2145 P.
323 2120 534 2147 coadunaverunt.
550 2135 581 2140 —
595 2130 610 2154 9
625 2123 663 2148 M.
673 2121 741 2156 poffe
754 2123 892 2157 subiugare.
908 2138 939 2142 —
958 2133 987 2150 ro
1002 2125 1024 2150 Ρ.
1039 2132 1083 2150 om.
