1624 2788
509 225 714 251 OBSIDIONIS
731 225 929 251 DAMIATE.
1167 227 1232 265 109

210 347 340 380 norum,
358 334 414 370 sed
432 334 596 370 Dominus
613 333 696 370 mifit
712 335 869 370 nuncium
886 335 979 370 suurn
995 335 1182 371 Christianis
1199 336 1234 370 δε
1249 354 1308 379 1219

209 388 252 424 ad
265 387 472 436 baptismum,
486 389 540 436 qui
552 387 711 424 indicavit
724 389 781 432 eis,
800 388 936 436 qualiter
947 389 1111 424 sarraceni
1126 389 1235 437 cupie—

210 441 290 477 bant
313 441 482 489 reimplere
508 439 662 476 fossatum
689 454 804 477 eorum
829 443 863 476 &
888 441 985 477 dixit:
1015 445 1112 488 Estote
1120 445 1236 488 fortes,

211 497 386 540 Christiani,
406 497 488 540 quia,
498 499 528 542 fi
546 496 634 529 modo
651 497 769 530 habetis
786 498 954 538 νίέὶονίαπι,
975 509 1074 530 omnes
1090 497 1235 531 recedent.

270 547 301 582 L.
336 547 432 584 Unde
469 547 621 583 dominus
659 548 785 597 legatus
827 548 904 583 fecit
939 548 1154 584 remiffionem
1194 547 1236 584 de

210 599 338 636 duobus
363 602 456 637 annis
475 600 628 636 omnibus
653 601 838 637 volentibus
858 614 990 649 portare
1012 601 1146 646 tabulas,
1173 615 1236 650 que

209 666 301 688 erant
313 655 400 690 circa
416 668 554 703 pontem
571 654 614 690 ad
627 654 836 690 defendenda
846 654 1047 700 carbonaria,
1061 656 1095 690 &
1109 654 1150 690 fic
1164 669 1236 690 om-

209 707 258 742 nis
271 708 412 756 populus
430 709 579 752 cucurrit,
597 709 678 744 &in
691 709 761 756 ipso
777 708 829 743 die
843 708 965 743 facium
979 708 1038 743 fuit
1050 709 1235 744 munimen-

209 761 493 806 tum.,Christiani,
512 762 671 809 quierant
689 760 731 797 ab
743 762 799 796 illo
813 761 911 796 latere
926 760 1078 806 fluminis,
1097 761 1152 797 ubi
1169 776 1237 798 erat

209 813 372 860 soldanus,
388 815 618 850 interfecerunt
632 816 667 850 &
683 814 934 850 vulneraverunt
948 815 1019 862 plus
1037 815 1236 863 quingentos

208 868 243 901 δε
262 867 364 902 multa
385 881 475 903 arma
499 881 613 903 eorum
637 867 827 903 habuerunt.
846 867 1060 913 corradinus,
1087 870 1143 915 qui
1169 881 1237 904 erat

208 932 228 954 a
243 919 341 955 latere
359 919 476 966 fossati,
494 920 536 956 ad
554 921 759 968 preliandum
776 934 845 956 non
864 922 961 957 venit.
981 922 1135 968 Sequenti
1147 923 1236 957 enim

208 971 262 1008 die
287 974 388 1020 usque
413 973 456 1009 ad
483 975 618 1009 nodlem
637 974 764 1021 semper
785 973 970 1022 sagittando
996 976 1030 1009 &
1047 972 1235 1010 bal'estando

206 1026 430 1073 preliaverunt.
456 1027 613 1062 Videntes
650 1028 758 1074 itaque
782 1026 934 1062 soldanus
959 1029 994 1063 &
1021 1028 1236 1073 Corradinus‚

207 1079 299 1126 quod
318 1093 386 1116 non
404 1079 557 1116 valebant
585 1081 771 1116 Christianis
795 1079 941 1126 resistere,
969 1094 1029 1116 nec
1056 1082 1236 1118 succurrere

207 1145 276 1178 eos,
306 1134 362 1180 qui
389 1135 421 1169 in
450 1134 580 1170 civitate
607 1133 829 1169 moriebantur
846 1146 881 1169 ut
909 1147 1017 1178 canes,
1037 1134 1146 1170 reverfi
1165 1136 1237 1171 sunt

207 1199 284 1222 cum
301 1187 431 1231 tristitia,
451 1189 485 1222 &
502 1187 675 1222 Christiani
700 1200 776 1222 cum
795 1187 941 1232 viam-ia,
964 1189 1040 1235 quia
1063 1189 1152 1223 Deus
1169 1202 1237 1225 erat

207 1252 283 1274 cum
301 1239 370 1275 illis.

254 1293 297 1328 Ll.
324 1295 358 1328 ln
382 1293 491 1342 vigilia
518 1294 743 1342 apostolorum
764 1295 905 1330 Simonis
929 1296 963 1330 &
989 1294 1063 1330 lude
1081 1295 1235 1331 soldanus
1248 1307 1331 1331 oaob.
1342 1315 1379 1337 27.

207 1346 282 1381 fecit
308 1345 468 1382 custodire
489 1348 601 1382 turrim
623 1360 699 1382 cum
720 1349 881 1393 ieremitis,
905 1360 1039 1396 propter
1056 1348 1148 1396 quod
1168 1362 1236 1385 erat

192 1398 334 1448 ‚lignum
352 1399 488 1435 navibus
507 1400 711 1436 venientibus
729 1402 927 1436 Damiatam.

254 1453 325 1488 LlL‘
355 1455 388 1487 ln
410 1453 489 1488 festo
505 1454 669 1489 Omnium
686 1453 881 1489 sanetoruin
898 1453 1053 1490 volebant
1070 1457 1236 1491 Sarraceni
1250 1465 1363 1488 Novemb-
1377 1472 1397 1488 ι.

207 1504 340 1540 reddere
367 1518 484 1542 terram
503 1507 701 1552 Christianis,
732 1508 808 1555 quia
838 1508 928 1543 nullo
954 1508 1058 1544 modo
1084 1522 1237 1557 poterant

206 1572 280 1594 eam
298 1572 416 1604 tenere,
445 1561 520 1607 quia
552 1562 698 1608 potentia
716 1562 779 1596 Dei
807 1574 875 1596 erat
899 1573 1017 1597 contra
1048 1575 1116 1608 eos,
1149 1562 1236 1598 unde

39 1672 65 1696 P.
77 1671 93 1695 f.
107 1679 151 1703 ¹¹4
162 1673 190 1696 D.
242 1670 252 1681 '
264 1671 311 1697 L11
320 1680 345 1697 a.
358 1672 455 1697 Interea
463 1671 599 1704 Sarraceni,
610 1671 653 1706 qui
665 1671 690 1697 in
703 1671 821 1697 Damiate
834 1670 935 1697 civitate
947 1671 1061 1703 aderant,
1074 1672 1190 1697 nuntium
1203 1672 1236 1697 ad

205 1710 334 1736 soldanum
356 1711 472 1737 miserunt
492 1712 616 1743 dicentes,
629 1719 656 1737 ut
677 1711 711 1737 eis
736 1711 864 1737 subvenire
883 1711 994 1743 deberet,
1018 1711 1077 1745 quia
1101 1712 1235 1746 pestilentia

205 1759 298 1785 magna
307 1752 331 1777 &
345 1752 454 1777 mortalis
468 1751 596 1777 infirmitas
609 1760 652 1777 eos
666 1752 821 1786 superaverat
832 1751 923 1783 taliter,
936 1751 996 1785 quia
1011 1751 1139 1777 civitatem
1151 1752 1237 1778 defen-

204 1792 263 1818 dere
283 1791 428 1826 nequibant.
453 1793 570 1825 Cumque
587 1792 701 1818 soldanus
718 1793 742 1818 δι
767 1791 921 1818 Corradinus
940 1792 986 1817 hec
1007 1792 1084 1817 verba
1105 1791 1236 1824 audissent,

204 1830 337 1864 plurimum
355 1831 409 1857 sunt
429 1832 559 1858 turbati&
571 1832 715 1858 contristati.
738 1831 788 1861 Qui
807 1831 873 1857 illico
891 1831 957 1857 mille
975 1831 1087 1856 homines
1105 1831 1200 1857 nobiles
1212 1833 1237 1858 δι

204 1876 319 1904 potentes
328 1880 459 1906 preparare
471 1871 592 1904 fecerunt,
607 1878 634 1897 ut
647 1880 690 1906 per
699 1871 807 1897 fluminis
818 1880 912 1905 aquam
925 1870 1037 1896 natando
1048 1871 1124 1905 usque
1134 1872 1166 1897 ad
1176 1871 1237 1898 civi-

204 1917 282 1937 tatem
296 1911 369 1937 nofle
382 1920 484 1946 pergere
495 1912 624 1938 deberent.
645 1913 711 1938 Cum
725 1911 856 1938 Christiani
874 1911 923 1937 hoc
938 1911 1028 1937 virtute
1041 1911 1144 1936 Domini
1166 1911 1237 1938 intel-

203 1950 323 1984 lexiss'ent,
338 1958 440 1986 pontem
453 1953 478 1977 δι
491 1951 599 1977 fluminis
617 1951 695 1986 ripam
710 1951 843 1985 diligenter
858 1951 982 1977 custodire
994 1951 1115 1984 fecerunt,
1132 1957 1159 1977 ut
1171 1957 1237 1977 tam-

204 1999 280 2025 quam
299 1991 431 2026 piscatores
446 2000 503 2017 cum
518 1992 583 2017 retiis
596 2000 638 2026 per
651 1991 758 2018 fluminis
769 1992 848 2017 undas
861 1997 976 2017 natantes
996 1999 1085 2025 capere
1098 1991 1195 2026 possint,
1209 1998 1236 2018 ut

205 2030 239 2057 eia
246 2031 295 2057 dici
305 2031 384 2066 poffit,
399 2032 482 2057 Venite
487 2032 538 2066 post
547 2031 698 2065 me‚saciam
709 2040 756 2057 vos
764 2031 823 2062 fieri
828 2031 960 2065 piscatore:
971 2031 1092 2057 hominum
1103 2033 1208 2064 [Marc.,
1217 2040 1237 2064 1,

208 2071 258 2106 17].
278 2072 359 2097 Nofle
372 2072 462 2097 statuta
481 2072 595 2097 veniente
612 2071 786 2106 prospieientes
799 2071 929 2097 Christiani
947 2071 1062 2097 viderunt
1080 2072 1197 2106 Paganos
1212 2073 1236 2097 δι

206 2112 352 2139 Sarracenos
365 2120 408 2149 per
420 2111 528 2140 fluminis
541 2121 634 2148 aquam
645 2111 777 2139 venientes.
797 2113 863 2138 Cum
877 2111 934 2149 ipsus
946 2111 1045 2139 viriliter
1060 2112 1237 2149 preliaverunt,
