1624 2788
543 257 748 284 OBSIDIONIS
762 257 962 284 DAMIATE.
1206 260 1230 297 9
1239 261 1251 285 1

233 382 309 405 cum
323 382 448 418 magno
467 369 605 405 exercitu
621 368 871 403 sarracenorum
887 369 923 402 ὃ(
936 368 1139 416 Paganorum
1156 369 1191 402 &
1208 369 1257 402 in·
1273 384 1331 408 ¹219

55 432 115 457 uus.
125 441 147 464 p.
161 439 218 463 1093
232 434 398 459 traverunt
425 421 574 458 foffatum
604 421 864 457 Christianorum
892 423 927 456 &
956 432 1152 468 putaverunt
1177 420 1258 456 illud

3 471 5 474 ⁵
232 476 356 523 replere
367 477 403 510 &
415 474 520 511 delere
533 474 637 510 dietos
650 474 850 510 Christianos
868 474 910 509 de
921 487 1012 509 terra.
1030 473 1093 510 Sed
1106 475 1258 509 Domino

233 540 444 577 cooperante,
459 529 514 576 qui
527 540 679 576 operatur
694 540 770 562 cum
787 526 950 573 omnibus,
969 528 1026 575 qui
1038 540 1150 564 veram
1159 526 1261 562 fidem

233 594 355 627 tenent,
367 582 541 618 Christiani
552 580 733 616 habuerunt
743 582 914 616 viffioriam
926 582 960 616 &
974 580 1166 615 occiderunt
1178 581 1261 616 inter

233 635 382 670 homines
394 636 429 670 δε
444 648 547 682 equos
565 635 636 683 plus
652 648 753 682 quam
770 634 858 669 mille
875 636 909 669 &
927 635 959 669 in
977 633 1075 669 tribus
1095 633 1208 668 diebus
1226 635 1260 669 ὅ(

233 687 333 724 tribus
351 687 500 724 nostibus
517 688 597 723 nihil
609 687 695 724 aliud
710 688 855 723 fecerunt
876 687 932 723 nifi
950 688 1086 736 preliare
1106 687 1208 732 simul,
1225 689 1260 722 δί

234 741 312 778 ficut
323 754 478 789 campum
491 742 536 777 est
547 741 682 789 plenum
696 740 738 776 de
751 742 852 785 covss,
865 754 941 776 cum
952 742 1095 784 metitur,
1113 742 1157 775 ita
1172 753 1260 775 cam-

233 808 315 843 pum
330 796 365 830 &
386 793 540 829 foffatum
556 807 624 829 erat
638 794 775 842 plenum
791 794 832 829 de
849 792 1029 830 Sarracenis
1052 795 1199 839 mortuis,
1218 793 1259 829 de

233 848 421 884 Christianis
434 860 515 893 non,
533 848 610 895 quia
622 848 786 882 Dominus
799 860 867 882 erat
884 861 960 883 cum
975 848 1034 883 illis
1055 849 1089 883 &
1102 860 1259 896 magnam

233 901 404 937 viam-iam
420 899 465 936 ibi
481 899 679 946 habuerunt;
697 901 817 949 gratias
835 902 910 936 Deo
929 901 1092 937 dicamus!

72 965 98 988 Ρ.
109 964 126 990 f.
139 972 180 989 m
193 966 221 989 e.
281 954 396 990 XXVI.
417 956 451 989 ln
464 952 518 989 die
535 954 734 989 Pentecostae
751 953 906 989 dominus
919 955 1044 1003 legatus
1058 956 1092 990 ὃ(
1105 967 1159 989 rex
1175 957 1258 989 lero·
1271 963 1325 993 Maj.
1338 964 1374 986 26.

234 1007 347 1044 solime
358 1008 393 1043 δε
406 1007 588 1055 patriarcha
599 1008 633 1042 &
647 1007 700 1052 alij
715 1020 830 1042 omnes
847 1008 906 1043 viri
919 1007 1045 1042 nobiles
1059 1009 1094 1042 &
1108 1019 1259 1056 potentes

233 1060 277 1097 ad
294 1059 554 1096 Lombardorum
573 1073 701 1095 morem
715 1061 898 1096 carrocium
915 1060 984 1096 fieri
995 1061 1151 1106 fecerunt,
1170 1061 1261 1108 super

235 1113 327 1162 quod
347 1113 605 1149 Christianorum
622 1113 774 1150 vexillum
792 1115 873 1161 poni
887 1114 1073 1159 statuerunt,
1087 1121 1096 1136 ¹
1118 1126 1152 1149 ut
1169 1114 1261 1162 pedi-

235 1178 282 1202 tes
300 1179 416 1202 omnes
434 1168 519 1202 circa
534 1166 615 1202 illud
635 1167 772 1202 astantes
796 1169 831 1202 ὅ(
853 1180 910 1214 per
927 1180 1084 1215 campum
1107 1166 1177 1202 ibi2
1198 1166 1260 1202 dis-

235 1219 324 1280 ’perfi-
338 1221 473 1256 minime
494 1233 666 1269 pergentes
678 1227 690 1250 ³
710 1221 808 1255 armis
834 1220 955 1255 bellicis
975 1221 1136 1268 preparati
1154 1221 1260 1256 versus

235 1273 385 1308 inimicos
397 1274 555 1321 paulatim
568 1274 871 1322 appropinquantes
884 1272 1008 1309 bellum
1019 1287 1096 1309 cum
1111 1274 1156 1309 eis
1173 1274 1261 1308 secu-

75 1339 112 1362 Μ.
123 1338 139 1362 f.
150 1340 181 1369 ⁶4
191 1339 222 1362 A
236 1328 310 1363 riter
319 1328 529 1362 commiscere
538 1326 677 1375 poffent.
688 1333 704 1355 4
715 1327 748 1362 Et
757 1326 837 1362 dum
847 1327 907 1362 hec
916 1339 1098 1375 agerentur,
1109 1326 1260 1362 loldanus

235 1382 270 1416 δε
285 1379 497 1424 Corradinus,
519 1393 596 1415 cum
613 1380 759 1416 universa
776 1380 981 1415 multitudine
1002 1381 1206 1428 paganorum
1227 1381 1261 1415 &

236 1435 487 1470 Sarracenorum
499 1434 675 1477 venientes,
693 1434 868 1481 temptoria
878 1435 912 1468 &
925 1440 936 1464 ⁵
951 1446 989 1468 ea
1002 1433 1126 1476 omnia,
1146 1446 1210 1480 que
1227 1434 1261 1468 in

237 1487 342 1522 castris
358 1486 504 1531 aderant,
522 1485 641 1522 habere
658 1487 839 1534 cogitantes
857 1488 891 1521 &
910 1499 948 1521 ea
966 1487 1079 1521 omnia
1101 1487 1135 1521 ὅ(
1152 1486 1260 1521 Chris-

237 1541 343 1575 tianos
371 1551 542 1587 tamquam
572 1540 720 1587 captivos
748 1540 831 1574 inter
861 1540 890 1574 se
916 1539 1058 1575 dividere
1084 1540 1260 1587 cupientes.

237 1593 447 1641 percipientes
459 1593 473 1615 ⁶
488 1606 566 1628 vero
588 1592 761 1628 Christiani
778 1592 819 1628 de
836 1593 1042 1640 Paganorum
1063 1593 1097 1627 &
1114 1593 1260 1627 Sarrace-

236 1659 356 1682 norum
373 1646 527 1690 adventu,
544 1645 632 1681 illico
650 1646 786 1681 civitatis
804 1658 914 1693 portas
931 1647 966 1680 &
982 1645 1141 1693 albergias
1159 1645 1262 1679 custo-

237 1699 322 1735 diri⁷
344 1700 487 1735 fecerunt
511 1701 546 1734 &
569 1699 684 1734 armati
708 1698 751 1734 ad
772 1697 895 1734 bellum
919 1698 1062 1733 asclerati
1075 1699 1087 1721 ⁸
1108 1698 1224 1734 milites
1247 1706 1261 1728 9

236 1755 271 1789 &
283 1752 408 1802 pedites
421 1754 505 1788 circa
519 1752 699 1787 carrocium
712 1752 848 1787 astantes
863 1764 952 1787 extra
965 1752 1064 1786 eastra
1073 1753 1261 1787 catervatim

237 1806 370 1843 obviam
396 1807 534 1842 inimicis
554 1818 768 1854 perrexerunt.
786 1813 813 1828 ¹0
828 1805 985 1841 Videntes
1010 1818 1120 1840 autem
1144 1806 1262 1854 Pagani

283 1860 458 1903 Sarraceni,
471 1859 597 1908 pedites
607 1860 691 1894 circa
701 1860 882 1894 carrocium
899 1859 1169 1906 frequentiffimos
1183 1859 1261 1894 stare

237 1915 271 1950 δε
283 1914 539 1950 Christianorum
552 1912 705 1948 vexillum
722 1913 815 1960 super
826 1913 897 1960 ipso
915 1913 1061 1947 carrocio
1074 1911 1146 1956 effe,
1164 1912 1261 1960 pluri-

277 2050 286 2066 ι
310 2041 334 2066 Ρ.
356 2041 447 2066 debere
459 2040 645 2066 constituerunt.
666 2055 697 2059 -
722 2050 736 2065 2
754 2040 777 2065 Ρ.
791 2049 835 2065 om.
853 2054 885 2058 —
909 2048 920 2070 3
936 2040 959 2064 P.
976 2040 1035 2064 add.
1059 2048 1126 2064 cum.
1148 2053 1179 2057 ——
1198 2049 1214 2070 4
1235 2039 1259 2064 P.

239 2081 436 2106 commiscerunt.
458 2095 491 2099 ——
511 2090 522 2113 5
544 2081 582 2106 M.
598 2089 640 2105 om.
657 2080 688 2105 δι.
708 2095 739 2099 -
761 2083 775 2104 6
791 2081 828 2105 Μ.
847 2079 936 2113 precip.
953 2094 985 2098 —
1000 2088 1012 2108 7
1030 2080 1068 2104 M.
1083 2078 1212 2105 custodire.
1228 2094 1258 2098 —

241 2123 255 2148 8
270 2122 307 2149 M.
322 2121 448 2147 ascherati.
463 2135 497 2139 —
511 2130 525 2155 9
540 2121 564 2146 Ρ.
579 2122 639 2146 add.
656 2128 698 2156 per
711 2120 741 2146 se.
758 2135 792 2138 —
809 2128 840 2145 10
856 2120 879 2146 Ρ.
894 2126 1050 2156 perexerunt.
