1624 2788
475 240 525 266 DE
550 240 838 266 PREDICACIONE
863 241 888 266 S.
914 241 1059 267 CRUCIS.
1258 243 1275 282 5

250 349 327 394 lem,
347 350 423 397 quia
445 348 532 385 Iudei
549 349 816 386 adiudicaverunt
837 349 1001 386 Christum
1024 351 1134 394 morti,
1159 352 1193 386 δε
1214 351 1279 386 Ro-

250 403 341 439 mani
362 416 438 438 eum
463 403 706 447 interfecerunt,
730 404 785 451 qui
811 404 939 439 fuerant
963 404 1119 440 Gentiles.
1144 407 1278 440 Granum

250 458 361 491 cecidit
382 459 412 491 in
433 469 555 500 terram,
573 455 615 490 sic
636 456 780 491 Christus
801 457 836 491 in
858 469 986 492 uterum
1010 458 1110 493 Marie
1131 458 1278 506 virginis.-

251 512 340 557 Qifi
356 522 501 544 mortuum
511 512 614 554 fuerit
633 511 739 555 ipsum,
757 523 855 544 manet
863 511 978 556 solum,
1002 511 1046 545 ita
1063 510 1120 545 nifi
1134 511 1277 546 Christus

251 574 398 597 mortuus
413 560 529 606 fuiffet,
538 562 606 609 ipse
623 561 786 597 manfiffet
802 562 886 597 solus
899 562 1021 610 absque
1037 563 1180 599 hominis
1198 577 1277 598 con-

250 615 356 650 sorcio
368 615 403 649 in
423 615 538 663 gloria,
555 616 713 662 quoniam
731 617 763 650 in
782 629 888 651 morte
906 617 959 651 sua
976 616 1115 652 redemit
1131 618 1164 652 in
1182 630 1278 652 cruce

249 680 352 716 genus
363 668 555 713 humanum,
574 670 608 704 ὅ(
617 669 743 716 aperuit
755 670 866 704 ianuas
877 669 1023 704 celorum
1035 670 1122 705 iuxta
1131 670 1221 715 illud,
1232 671 1276 706 Tu

249 723 365 756 deviae
378 725 483 756 mortis
493 724 607 765 aculeo,
619 723 682 756 &c.
694 723 844 757 Granum
854 735 964 758 autem
978 730 986 746 ¹
1002 723 1165 768 dividitur,
1175 735 1276 771 quan-

250 774 295 809 do
305 776 437 810 interior
446 774 589 810 medulla
599 776 705 810 exit&
719 777 880 824 germinat
894 789 1033 824 granum
1046 778 1079 811 ὅ(
1091 775 1203 811 definit
1212 775 1277 812 effe

35 837 55 860 Β
66 837 82 861 f.
93 844 138 868 213
150 846 170 867 a,
181 846 201 862 e.
215 845 235 862 ι.
249 841 400 876 granum,
418 827 505 863 unde
519 828 772 875 quodammodo
790 830 926 864 moritur
943 830 976 864 in
994 830 1048 864 illa
1065 828 1276 875 deficacione‚

249 880 291 916 sic
306 883 341 916 δε
358 881 502 916 Christus
520 881 725 917 dividebatur
743 882 996 929 quodammodo
1014 884 1047 917 in
1067 882 1146 927 duo,
1158 882 1277 918 scilicet

249 946 368 982 corpus
385 936 420 969 ὅ(
433 935 589 977 animam,
603 934 736 982 quando
755 936 863 986 anima
881 937 957 970 exiit
973 949 991 970 a
1004 949 1143 984 corpore
1155 937 1275 983 &ape-

249 988 311 1023 ruit
322 988 454 1023 ianuam
471 988 532 1022 celi
545 989 578 1022 &
588 987 678 1022 desiit
690 987 754 1023 esse
767 988 881 1032 homo,
897 989 984 1024 uncle
997 989 1140 1024 Christus
1158 990 1276 1024 morie-

249 1040 344 1076 batur
367 1041 400 1076 in
424 1041 478 1076 illa
501 1040 658 1077 divisione
677 1043 824 1089 corporis
841 1044 875 1077 &
897 1043 1024 1087 anime3
1044 1044 1277 1078 convenienter

248 1095 346 1144 igitur
362 1094 544 1142 appellatur
562 1095 705 1129 Christus
723 1108 863 1142 granum
873 1097 908 1130 &
922 1108 991 1130 non
1008 1094 1192 1143 simpliciter
1201 1109 1275 1143 gra—

248 1159 340 1193 num,
359 1147 413 1182 sed
433 1148 585 1182 frumenti
602 1161 749 1196 granum.
783 1151 861 1183 Item
876 1165 883 1183 ι
903 1149 957 1183 Per
975 1148 1139 1184 Christum
1156 1150 1190 1184 δε
1207 1149 1274 1184 Ma-

43 1216 64 1238 Α
78 1214 95 1238 f.
106 1221 136 1246 57
148 1215 170 1244 b,
181 1223 200 1238 ε,
212 1222 235 1239 2.
248 1201 330 1236 riam
354 1201 485 1236 intravit
501 1202 577 1245 vita,
596 1199 673 1235 sicut
689 1214 748 1249 per
764 1201 874 1236 Adam
891 1203 925 1236 δε
942 1201 1040 1237 Evam
1057 1215 1155 1237 mors.
1174 1202 1274 1237 Maria

247 1267 358 1290 autem
376 1255 435 1289 fuit
455 1255 488 1288 in
507 1267 610 1296 cruce,
633 1255 709 1301 quia
735 1255 766 1288 in
786 1255 929 1289 maximo
959 1256 1113 1300 cruciatu,
1138 1254 1274 1303 quando

246 1307 328 1343 vidit
340 1307 443 1342 filium
466 1308 558 1342 suurn
575 1307 718 1354 pendere
743 1309 775 1342 in
794 1320 901 1350 cruce,
921 1307 1008 1343 unde
1023 1304 1144 1352 YIhias,
1161 1308 1274 1342 ultimo

246 1361 352 1408 capite
375 1360 446 1404 (les.
479 1371 586 1405 LXVI,
616 1365 672 1408 7),
705 1376 723 1392 <t
740 1365 912 1406 cAntequam
933 1365 1116 1407 parturiret,
1136 1364 1274 1408 peperit;

245 1427 401 1459 antequam
420 1418 532 1448 veniret
543 1427 651 1460 partus
669 1417 745 1456 eius,
766 1417 888 1460 peperit
901 1415 1070 1461 masculum.
1082 1430 1099 1445 υ
1117 1414 1201 1462 Quis
1219 1428 1274 1449 au-

245 1465 325 1502 divit
342 1479 488 1514 unquam
507 1467 579 1509 tale,
600 1468 671 1514 quis
688 1466 768 1501 vidit
786 1467 860 1501 huic
879 1466 995 1502 fimile?
1015 1468 1148 1502 Parturit
1165 1479 1274 1502 autem

244 1519 370 1563 mulier,
399 1519 532 1567 quando
554 1518 681 1554 laborat
708 1522 742 1554 δε
770 1521 887 1554 nimios
909 1519 1006 1555 habet
1024 1519 1165 1565 dolores,
1183 1533 1274 1556 ante-

245 1585 345 1620 quam
372 1586 451 1620 puer
479 1572 620 1620 egressus
648 1573 764 1608 fuerit²
785 1572 826 1607 ab
852 1585 955 1608 uter0.
989 1574 1040 1608 Sic
1066 1586 1134 1608 non
1154 1574 1214 1608 fuit
1231 1572 1272 1608 de

243 1624 339 1661 beata
355 1626 457 1661 Maria
474 1626 607 1673 virgine,
627 1639 691 1672 que
708 1627 835 1673 peperit
850 1625 914 1660 sine
932 1625 1058 1670 dolore,
1077 1625 1130 1660 sed
1148 1627 1269 1674 postea,

244 1678 379 1726 quando
402 1677 607 1727 affligebatur
628 1677 741 1714 videns
768 1678 872 1714 filium
898 1679 990 1713 suum
1011 1679 1155 1723 unicum,
1177 1681 1272 1714 inno-

243 1745 384 1776 centem,
403 1731 465 1766 sine
479 1732 573 1766 causa
591 1733 623 1766 in
642 1744 736 1767 cruce
754 1731 905 1779 positum,
924 1731 1124 1779 despetstum‚
1144 1746 1161 1768 a
1180 1732 1271 1767 disci-

244 1785 326 1833 pulis
340 1786 400 1820 suis
418 1785 618 1828 derelidlmm,
631 1797 708 1819 tunc
726 1786 901 1832 parturivit.
919 1786 970 1819 De
990 1798 1028 1819 ea
1045 1798 1271 1833 competenter

242 1840 340 1886 igitur
356 1838 435 1873 dixit
451 1838 558 1872 Ysaias
572 1837 688 1881 (LXVI,
702 1842 742 1885 7)
757 1855 764 1872 :
781 1855 797 1868 n
807 1842 980 1883 eAntequam
989 1842 1169 1884 parturiret,
1178 1853 1271 1886 pepe-

242 1896 294 1935 rit,
312 1905 468 1937 antequam
486 1895 598 1926 veniret
609 1904 717 1937 partus
734 1895 809 1933 eius,
822 1895 940 1938 peperit
958 1893 1129 1937 masculum.
1144 1899 1155 1921 3
1173 1909 1188 1922 υ

294 1946 393 1979 Item:
420 1944 507 1979 Sicut
530 1956 587 1991 per
612 1943 791 1987 mulierem,
818 1943 937 1978 scilicet
959 1943 1066 1987 Evam,
1096 1958 1159 1991 que
1185 1944 1270 1979 fatsta

244 1997 303 2032 fuit
315 1996 356 2032 de
370 1998 450 2041 viro,
465 1997 580 2031 scilicet
594 1995 636 2030 de
649 1995 733 2039 Ada‚
748 1995 869 2043 absque
884 1997 1124 2032 coniunccione
1138 1998 1269 2043 femine,

282 2086 292 2101 π
318 2078 416 2102 Autem
437 2077 497 2101 add.
521 2077 548 2107 B,
567 2087 600 2108 oti
622 2090 654 2095 —
673 2086 687 2101 2
706 2076 727 2101 B
783 2075 862 2102 culum
874 2076 937 2102 add.
952 2077 982 2102 A.

244 2116 320 2150 suusf
341 2132 373 2137 —
395 2125 406 2148 3
427 2118 561 2152 Antequam
569 2135 646 2141 ......
665 2116 731 2149 mas-
