1624 2788
365 263 412 305 54
819 264 946 291 GESTA

271 390 329 414 ηις
358 386 486 409 morem
500 374 592 408 suum
609 375 794 421 preteriens,
810 386 968 422 magnam
984 385 1066 409 terte
1083 385 1209 421 partem
1223 384 1367 408 arentem
1379 379 1388 395 ¹

356 427 495 474 reliquit,
517 439 582 474 que
600 428 656 462 suo
675 439 824 475 tempore
842 439 902 462 nec
918 427 1011 472 arari,
1030 438 1091 461 nec
1108 427 1257 461 seminari
1275 427 1390 473 potuit.

357 479 455 517 Unde
479 479 631 515 soldanus
654 481 771 516 timens
793 481 916 516 famem
941 482 975 515 ὅ(
994 481 1130 515 retinere
1155 479 1290 527 cupiens
1312 480 1391 515 civi·

356 546 458 570 tatem
479 547 555 569 cum
582 534 678 569 fratre
695 535 753 569 suo
771 533 944 569 Coradino
964 533 1061 568 talem
1079 533 1254 568 christianis
1274 531 1392 568 obtulit

356 588 445 636 pacis
472 587 667 632 faccionem,
686 599 721 623 ut
744 600 876 622 crucem
897 588 1061 631 Samiam,
1079 600 1098 621 a
1119 586 1294 621 christianis
1310 586 1392 621 olim

355 640 529 690 perditam,
556 654 632 675 cum
656 641 764 676 sanna
781 642 912 677 civitate
930 642 965 675 &
982 639 1135 675 omnibus
1159 640 1308 687 captivis,
1335 639 1391 686 qui

355 696 389 730 in
407 707 511 742 regno
532 692 755 740 Babylonienfi
772 696 806 729 &
823 694 1032 729 Damasceno
1050 694 1115 729 vivi
1139 692 1270 741 possent
1299 705 1391 740 repe-

355 748 418 791 riri,
437 748 582 796 sumptus
599 748 704 782 eciam
715 754 729 770 2
740 747 783 782 ad
804 745 1004 795 reparandos
1023 759 1133 781 muros
1149 744 1391 781 lherosolimam

356 800 506 836 redderet
534 803 568 835 &
592 801 721 849 insuper
746 813 885 849 regnum
908 800 1223 835 lherosolimitanum
1250 799 1392 834 totaliter

355 855 529 890 restitueret
547 867 653 902 preter
666 855 831 890 Craccum
849 855 883 888 &
901 854 1052 888 Montem
1071 853 1226 901 regalem,
1244 865 1305 900 pro
1321 852 1390 899 qui-

355 907 415 943 bus
436 907 593 943 tributum
617 907 776 952 redderet,
808 906 966 955 quamdiu
997 919 1110 954 treuga
1135 905 1274 940 duraret.
1311 906 1391 940 Sunt

355 973 465 997 autem
481 961 542 996 hec
561 960 628 996 duo
647 961 722 996 loca
743 962 777 996 in
797 960 920 996 Arabia
944 959 1010 1004 fita,
1038 960 1163 1007 septem
1187 959 1391 994 municiones

355 1013 546 1050 firmiffimas
563 1014 734 1059 habencia,
760 1027 824 1061 que
843 1015 1031 1061 quicunque
1049 1012 1197 1057 tenuerit,
1224 1011 1392 1047 lherosoli-

356 1081 446 1102 mam
459 1081 536 1103 cum
549 1068 690 1104 voluerit
703 1080 834 1110 nocere,
849 1067 971 1115 poterit
985 1068 1019 1101 δι
1035 1078 1132 1114 agros
1149 1066 1216 1100 eius
1228 1078 1267 1099 ac
1279 1066 1390 1100 vineas

355 1120 463 1156 ledere
476 1121 607 1157 valebit.
623 1121 693 1156 ³13st
701 1134 811 1156 autem
820 1134 879 1169 per
893 1134 930 1156 ea
944 1131 1164 1155 mercatorum
1176 1131 1244 1153 tam
1253 1118 1392 1153 christia-

356 1188 476 1210 norum
495 1187 596 1222 quam
620 1175 895 1210 sarracenicorum
921 1171 1079 1217 tranfitus‚
1102 1183 1171 1206 tam
1188 1170 1231 1206 ad
1248 1172 1393 1219 ipsorum
1407 1181 1601 1211 V.‚f.121·⁰‚c.2.

356 1229 485 1263 Mecam
495 1236 511 1258 4
522 1228 734 1264 tendencium
747 1241 848 1275 quam
860 1226 903 1262 ad
916 1239 977 1262 nos
991 1225 1213 1269 redeundum,
1228 1238 1292 1272 que
1304 1227 1394 1273 pacis

356 1281 559 1331 composicio
573 1283 642 1330 regi
657 1281 925 1329 francigenisque
938 1281 1053 1315 comiti
1067 1280 1172 1315 eciam
1185 1279 1307 1314 Cestrie
1317 1291 1393 1313 cum
1407 1284 1441 1313 Bw
1452 1292 1472 1315 i>-
1484 1284 1538 1314 ²382
1548 1291 1567 1306 ο
1578 1290 1601 1307 ²·

357 1337 533 1383 capitaneis
556 1337 591 1370 δε
608 1335 821 1371 Theutonicis
843 1335 951 1368 minus
968 1331 1103 1381 provilis
1117 1334 1151 1367 ἀ
1170 1333 1203 1368 in
1229 1332 1394 1380 posterum

358 1401 426 1424 non
444 1388 632 1425 caventibus
659 1387 844 1423 admodum
871 1388 979 1435 ptimo
997 1399 1089 1435 grata
1109 1386 1180 1431 fuit,
1202 1384 1257 1420 sed
1275 1385 1394 1420 saniori

358 1443 500 1478 concilio
528 1441 699 1478 obviatum
716 1441 769 1476 est.
802 1442 960 1489 Legatum
983 1441 1073 1475 enim
1099 1452 1175 1474 cum
1198 1438 1393 1486 patriarcha,

357 1496 620 1544 archiepiscopis,
646 1495 818 1543 episcopis,
849 1494 1025 1542 templariis
1052 1494 1087 1528 &
1114 1492 1329 1540 hospitalariis
1360 1493 1394 1527 &

358 1548 511 1585 omnibus
530 1549 615 1584 italie
633 1548 809 1596 capitaneis
826 1547 998 1594 multisque
1012 1546 1080 1581 aliis
1096 1545 1308 1594 prudentibus
1321 1546 1394 1581 viris

357 1604 432 1639 huic
450 1603 598 1638 tractatui
614 1602 646 1637 se
664 1602 830 1650 opposuit,
849 1600 1022 1636 ostendens
1040 1613 1079 1636 ex
1098 1599 1241 1644 racione,
1260 1599 1394 1634 Damia-

358 1670 427 1693 tam
443 1669 518 1691 ante
536 1656 649 1690 omnia
667 1656 737 1690 fore
754 1654 960 1703 capiendam.
984 1655 1113 1703 Opinio
1133 1653 1257 1689 diversa
1274 1652 1395 1688 discor-

359 1710 448 1746 diam
465 1711 601 1758 peperit,
619 1722 684 1756 que
701 1721 838 1757 propter
855 1721 1072 1743 communem
1091 1706 1308 1743 neceffitatem
1326 1706 1393 1741 cito

358 1763 467 1800 sedata
488 1764 558 1799 fuit.
587 1765 709 1798 Interea
730 1761 884 1797 soldanus
907 1775 1065 1810 magnam
1083 1760 1232 1810 peditum
1250 1759 1394 1795 multitu-

359 1817 471 1853 dinem
499 1817 651 1852 clanculo
680 1829 738 1864 per
761 1815 836 1850 loca
865 1815 1014 1863 palustria
1041 1814 1124 1850 misit
1149 1813 1192 1850 ad
1217 1814 1393 1857 civitatem,

359 1884 501 1919 quorum
526 1870 659 1905 ducenti
683 1868 912 1917 quadraginta,
944 1867 1182 1903 dormientibus
1208 1867 1393 1912 christianis,

251 1938 312 1960 Nov.
325 1944 345 1966 3.
359 1925 540 1960 Dominica
557 1926 655 1959 noae
668 1924 741 1972 post
756 1923 870 1958 festum
891 1923 1055 1958 Omnium
1068 1923 1262 1957 Sanclorum
1279 1919 1393 1956 urbem

359 1979 432 2014 sunt
445 1977 580 2027 ingr-effi.
595 1976 766 2013 Novissimi
783 1976 825 2011 ad
843 1976 1024 2011 clamorem
1042 1975 1253 2024 vigilancium
1270 1973 1394 2010 detenti

361 2034 433 2068 sunt
444 2034 479 2067 &
492 2031 599 2077 occisi,
618 2043 701 2079 quos
714 2030 757 2066 ad
770 2029 931 2065 ducentos
944 2031 978 2064 &
991 2029 1098 2078 plures
1112 2028 1387 2076 computavimus.

399 2127 408 2142 1
425 2118 452 2143 B.
458 2116 562 2150 ficpplet.
580 2131 614 2135 --—
632 2126 646 2141 2
663 2117 692 2142 V.
698 2114 797 2149 supplet
812 2115 843 2140 &.
909 2115 937 2140 V.
949 2123 1039 2141 mecas-

362 2172 395 2178 —
415 2166 427 2193 3
442 2158 472 2183 V.
488 2156 595 2182 valebat.
618 2171 651 2175 —
671 2165 689 2188 4
707 2156 733 2181 B.
749 2161 846 2190 metas3
