1624 2788
517 218 722 245 OBSIDIONIS
740 218 929 245 DAMIATE
935 237 941 244 .
1187 223 1199 246 1
1206 221 1252 255 07

226 330 353 377 optime
375 328 556 377 preliabant
584 340 699 364 contra
715 329 910 364 Sarracenos
931 331 966 364 &
987 329 1108 364 multos
1132 343 1171 365 ex
1192 329 1253 365 illis
1270 345 1328 368 ¹219

226 381 429 426 occiderunt,
456 383 491 417 &
512 381 554 417 de
571 382 757 417 Christianis
779 383 900 417 mortui
924 383 997 417 sunt
1012 384 1068 428 xij,
1092 384 1126 417 &
1149 383 1253 418 nullus

226 435 484 472 Christianorum
517 435 664 470 comedit
694 436 794 482 usque
828 435 872 471 acl
908 438 1051 472 nostem.
1087 437 1254 472 Sarraceni

225 488 382 524 adeuntes
413 488 561 523 dixerunt
585 487 738 523 soldano:
768 491 820 534 (sti
827 489 932 536 sclavi
960 490 1048 524 valde
1073 493 1204 536 agrestes
1221 490 1252 524 ὃ·

225 543 355 589 maligni
372 555 474 577 contra
492 555 546 576 nos
562 543 651 586 sunt!

271 595 452 630 XLV11.1n
482 593 535 630 die
553 594 726 630 festivitatis
743 595 962 630 Sanciorum¹
988 595 1111 630 Cosme
1134 596 1169 629 &
1185 595 1254 629 Da·
1268 608 1328 638 Sept.
1340 614 1377 636 27.

223 648 355 684 miani²
377 660 453 683 ante
474 661 626 683 auroram
648 661 806 684 venerunt
829 648 949 696 Pagani
971 650 1005 683 &
1030 648 1196 684 Sarraceni
1220 649 1254 682 &

224 700 409 737 direxerunt
433 713 587 748 quattuor
619 701 780 736 ieremitas
809 700 959 736 ardentes
985 714 1042 748 per
1070 699 1193 735 flumen
1220 702 1255 735 &

224 766 398 802 coopertas
423 754 496 802 pice
520 755 554 789 &
579 754 655 789 oleo
682 767 759 789 cum
787 754 900 801 stipula
927 755 961 788 &
985 754 1082 802 lignis
1105 753 1202 788 aridis
1220 755 1254 788 &

223 807 329 855 palea,
349 806 590 852 comburentes,
608 819 647 842 ac
664 806 684 842 si
700 805 801 842 effent
814 819 843 842 Χ.
863 807 1039 854 Campane
1057 809 1091 842 &
1106 807 1254 855 sulphure

223 862 258 896 &
272 859 406 896 flamma
417 859 608 896 videbantur
620 872 754 909 tangere
772 860 891 904 celum,
901 862 935 895 &
950 859 1128 895 credebant
1141 859 1254 895 ardere

69 929 104 953 M
116 929 209 953 5⁶⁶3,
224 925 363 962 pontem
379 915 414 949 &
434 914 552 949 intrare
574 914 739 949 civitatem
765 926 842 948 curn
860 913 1025 948 frumento
1047 915 1081 948 &
1103 913 1170 948 aliis
1197 927 1254 949 ne-

223 966 373 1012 cessariis,
399 968 434 1002 &
458 965 480 1001 si
499 966 564 1001 hoc
581 965 777 1015 contigisset,
807 980 924 1002 omnes
950 967 1125 1003 Christiani
1152 965 1255 1001 essent

223 1019 385 1055 decollati.
417 1018 515 1055 Unde
535 1019 695 1054 maximus
719 1020 818 1054 timor
835 1019 950 1056 invafit
967 1020 1179 1064 Christianos,
1198 1018 1254 1053 sed

222 1086 280 1122 pet
299 1072 445 1108 divinam
461 1073 611 1121 gratiam,
633 1084 812 1120 antequam
825 1074 1030 1121 pervenirent
1049 1073 1091 1108 ad
1104 1085 1253 1120 pontem,

222 1127 367 1162 exierunt
384 1124 518 1161 obviam
533 1126 684 1160 ieremitis
701 1127 736 1160 &
761 1126 975 1161 exstinxerunt
994 1140 1056 1162 eas.
1075 1126 1109 1161 Et
1125 1126 1182 1161 1110
1201 1124 1254 1160 die

222 1193 292 1216 non
318 1179 545 1227 requieverunt
569 1178 742 1214 Christiani
763 1181 798 1214 ὅ(
822 1192 891 1214 11011
914 1179 1128 1215 comederunt
1153 1179 1253 1226 usque

59 1248 86 1272 Ρ.
97 1248 113 1272 f.
128 1255 171 1279 114
181 1249 208 1272 c„
221 1235 364 1270 nostem.
383 1232 418 1267 Et
432 1244 510 1267 tunc
523 1231 590 1267 duo
609 1233 726 1281 Pagani
740 1232 853 1268 divino
870 1233 993 1268 lumine
1006 1240 1017 1263 ³
1031 1234 1107 1268 136ὶί
1124 1232 1167 1268 ad
1190 1232 1252 1267 do-

218 1287 345 1321 minum
359 1286 503 1335 legatum
516 1287 680 1322 venientes
694 1287 738 1321 ita
750 1285 913 1322 dixerunt:
930 1288 959 1321 0
973 1288 1000 1321 C
1000 1289 1150 1332 lmstiani,
1166 1289 1253 1331 estote

214 1341 387 1386 prudentes,
424 1343 508 1386 quia,
531 1353 686 1385 antequam
702 1342 820 1387 septem
845 1342 912 1374 dies
931 1343 1063 1384 veniant,
1091 1342 1254 1374 sarraceni

218 1393 249 1428 δ’
271 1396 396 1440 Pagani
405 1400 422 1422 4
433 1405 543 1440 putant
551 1393 698 1438 foffatum
715 1394 839 1440 implere
855 1393 886 1427 ὃν·
900 1407 953 1428 vos
971 1407 1086 1439 capere,
1108 1395 1252 1440 scientes,

210 1451 239 1493 fi
262 1450 307 1481 eis
325 1449 457 1491 firmiter
481 1448 660 1491 restiteritis‚
685 1447 764 1492 quod
789 1459 883 1480 totam
909 1449 1080 1493 Paganiam
1100 1448 1252 1493 subiuga-

217 1503 332 1535 veritis.
350 1499 468 1548 Pagani
486 1512 563 1535 vero
580 1497 624 1534 ad
643 1499 829 1544 terminum,
848 1498 925 1534 ficut
941 1498 1100 1544 dixerunt,
1120 1500 1251 1534 venien-

9 1562 20 1587 0
218 1565 264 1588 tes
282 1553 316 1588 in
338 1551 516 1587 fossatum
509 1564 627 1587 11111318
646 1553 680 1586 &
697 1551 777 1587 illud
794 1552 932 1600 implere
950 1552 1114 1597 volentes,
1141 1552 1250 1588 Chris-

217 1606 295 1641 113111
321 1618 456 1654 quoque
481 1605 547 1640 hoc
565 1604 723 1650 videntes,
750 1606 854 1640 statim
872 1606 972 1640 castra
988 1606 1155 1654 lignorum
1174 1617 1251 1641 ante

216 1671 274 1694 eos
301 1659 556 1703 construxerunt,
591 1659 684 1706 super
715 1657 831 1706 quibus
851 1658 1026 1694 Christiani
1057 1659 1173 1694 stantes
1201 1659 1251 1693 su-

216 1711 334 1748 dibuss
355 1712 457 1747 acutis
474 1713 509 1747 &
526 1710 687 1759 lapidibus
701 1712 845 1761 graviter
867 1711 1104 1759 percutiebant,
1138 1712 1251 1760 ignem

215 1767 250 1802 δε
267 1765 476 1814 sulphurem⁶
496 1766 530 1800 &
555 1764 661 1800 trabes
686 1765 780 1814 super
805 1765 878 1800 illos
907 1767 1141 1813 proiicientes7
1168 1766 1251 1801 mul-

216 1832 267 1855 tos
287 1819 300 1842 ⁸
330 1819 476 1867 Paganos
502 1819 600 1854 motti
630 1817 841 1854 tradiderunt.
870 1818 1028 1854 Videntes
1057 1832 1167 1855 tamen
1197 1819 1250 1854 Ρ3-

7 1645 21 1725 ἓ

255 1911 263 1927 1
282 1902 306 1928 Ρ.
319 1910 363 1927 om.
377 1916 410 1920 —
425 1911 439 1926 2
458 1900 552 1926 Abhinc
569 1900 644 1935 usque
664 1902 698 1927 Et
714 1907 774 1927 tunc
788 1901 874 1934 desunt
890 1901 970 1927 omnia
982 1901 1008 1927 in
1020 1902 1058 1934 P„
1075 1901 1118 1927 uhi
1135 1901 1252 1935 legimun

217 1941 315 1976 Pagani
333 1942 357 1967 δι
376 1940 504 1966 sarraceni
530 1941 563 1966 ad
581 1939 699 1966 foffatum
723 1941 919 1967 Christianorum
942 1950 1028 1967 omnes
1053 1942 1188 1973 venientes,
1213 1941 1249 1967 set

216 1980 346 2007 Christiani
367 1986 438 2006 extra
459 1981 536 2006 castra
549 1981 639 2006 armati
656 1987 773 2006 exeuntes
793 1980 904 2014 stipulam
921 1982 944 2007 &
965 1981 1062 2015 paleam
1081 1983 1103 2007 &
1121 1981 1180 2007 alias
1203 1990 1250 2013 res,

216 2029 278 2054 quas
296 2029 372 2055 prope
390 2019 507 2046 fossatum
528 2021 668 2054 posuerant,
686 2021 744 2055 igne
757 2021 948 2046 combuxerunt.
965 2036 997 2040 —-·
1021 2030 1032 2053 3
1048 2023 1086 2048 M.
1104 2021 1248 2047 munimine.

218 2075 250 2080 —
264 2070 281 2093 4
295 2061 319 2087 P.
333 2069 377 2086 om.
392 2062 455 2086 Satr.
468 2062 492 2086 δι
505 2061 567 2094 Pag.
581 2076 615 2080 —
631 2071 642 2094 5
663 2062 702 2087 M.
719 2060 846 2087 subdibus.
860 2076 894 2081 —-
909 2064 924 2087 6
943 2063 965 2087 P.
980 2062 1043 2088 add.
1059 2062 1199 2088 accensum.
1216 2076 1250 2081 —

217 2109 230 2133 7
245 2101 270 2127 P.
283 2100 452 2136 proficiebant.
467 2115 501 2121 -
518 2103 530 2126 8
550 2101 575 2127 P.
587 2100 667 2127 multi.
