1624 2788
502 504 880 557 PRAEFATIO

277 723 296 731 ⁶
356 719 417 747 f
442 735 667 777 OSTQUAM
678 735 828 776 Leopoldus
845 737 878 767 de
890 736 992 767 Ranke
1007 737 1040 767 es·
1061 736 1205 768 Hmricus

212 781 225 788 ¹
292 782 299 794 ”
412 785 416 795 ‘
442 784 533 815 Pertz
548 785 654 815 ratione
665 785 698 815 ἔθ’
713 785 831 825 exemplo
843 785 931 825 primi
943 786 1102 825 docuerunt,
1110 787 1205 827 fontes

286 823 299 835 κ
324 865 335 872 Λ
378 827 423 860 Ἦ
440 832 578 873 historicos
592 834 690 864 critica
707 832 864 876 subtilitate
878 834 1000 865 tractari
1017 834 1118 876 neceffi
1142 835 1205 876 effi,

396 881 423 909 (ν
442 881 565 912 nonnulli
589 893 691 922 quoque
715 882 776 912 viri
799 883 877 921 doaz,
901 894 1016 923 quorum
1040 884 1068 913 in
1092 895 1205 914 nurnero

203 942 217 952 ι.
271 934 321 956 (12:2-
337 943 381 955 ,m
414 927 415 933 ¹
441 929 562 960 habendi
590 930 685 972 sunt:
710 930 800 971 Sybel‚
835 930 1045 972 Hagenmeyer,
1083 931 1204 972 Thurot,

181 978 285 1021 Jaffb,
313 979 431 1020 Kugler,
456 979 573 1023 Kosack,
597 978 810 1018 Mas-Latris,
835 979 927 1018 Streit,
941 979 1070 1019 Riezler,
1094 981 1141 1012 W
1137 981 1203 1022 atlly

178 1028 212 1058 ὅ
221 1028 323 1066 Riant,
331 1029 500 1071 exstiterunt,
511 1029 558 1068 qui
577 1029 739 1068 defontibus
764 1028 895 1059 bellorum
907 1029 1063 1072 sacrorum
1081 1031 1117 1060 ab
1132 1042 1204 1061 anno

175 1076 314 1109 MXCV
330 1077 413 1120 usque
437 1078 478 1108 ad
496 1089 600 1108 annum
619 1076 748 1108 MCCV
759 1077 954 1120 susceptorum
973 1078 1070 1109 critica
1084 1086 1146 1110 arte
1161 1079 1206 1122 ufi

179 1125 353 1167 diffirerent.
367 1126 468 1167 Quum
482 1133 574 1156 tamen
585 1125 675 1156 adhuc
689 1127 816 1166 restaret,
832 1132 863 1155 ut
878 1126 911 1156 de
925 1125 1030 1166 Quinti
1045 1127 1107 1158 belli
1117 1128 1205 1171 sacri

169 1174 299 1215 sontibus
313 1175 406 1205 eadem
431 1174 537 1205 ratione
556 1181 698 1215 ageretur,
715 1174 799 1204 editor
821 1174 985 1216 libentiffime
1006 1174 1052 1205 hoc
1070 1178 1203 1217 negotium

176 1222 303 1264 suscepit,
315 1223 475 1267 praesertim
487 1234 570 1263 quum
583 1222 733 1253 Societate
750 1221 928 1253 illustrandis
945 1223 1084 1254 Orientis
1099 1223 1202 1255 Latini

177 1271 395 1309 monumentis,
413 1277 445 1300 ut
457 1270 527 1301 hanc
545 1278 656 1311 operam
663 1270 786 1313 subiret,
800 1271 971 1301 commonitus
985 1272 1056 1314 effit-

215 1318 392 1360 Quanquam
407 1319 453 1349 hoc
474 1327 552 1360 opere
568 1319 694 1359 Olivertj
708 1319 862 1360 Scholastici
875 1319 1007 1350 Historia
1026 1319 1203 1351 Damiatina

176 1368 210 1398 δ’
234 1368 357 1398 nonnulli
376 1368 428 1408 alij
437 1369 533 1410 fontes
547 1368 725 1409 principales,
745 1380 843 1398 necnon
867 1368 1005 1407 carmina,
1025 1369 1054 1398 in
1075 1369 1202 1400 volumen

177 1416 260 1447 aliud
268 1416 457 1458 reservanda,
468 1429 487 1447 a
498 1417 571 1446 nobis
582 1416 728 1447 omittenda
730 1415 799 1458 sint,
810 1417 844 1446 δ’
855 1417 987 1447 minores
998 1423 1105 1448 tantum
1108 1418 1202 1459 fontes

177 1465 281 1503 edendi,
293 1465 405 1507 summa
421 1472 511 1495 tamen
525 1466 559 1495 vi
572 1472 683 1505 operam
698 1465 769 1495 dare
786 1465 860 1495 nobis
873 1465 1051 1507 neceffifuit,
1060 1473 1092 1496 ut
1100 1478 1201 1498 omnem

168 1513 278 1555 stlvam
303 1525 411 1552 rerum,
436 1513 579 1544 relationes
601 1514 726 1551 minores,
750 1513 899 1554 testimonia
922 1514 1041 1553 minora,
1069 1515 1201 1556 epistolas,

178 1562 278 1600 bullas,
289 1561 403 1592 chartas
415 1563 449 1592 {5⁷
463 1562 623 1593 documenta
634 1562 723 1592 varia
733 1573 936 1603 congereremus
947 1562 981 1593 δ’
991 1563 1201 1606 disponeremus,

177 1622 191 1640 e
206 1611 303 1651 quibus
322 1610 369 1641 hoc
395 1618 462 1641 tomo
482 1612 510 1640 in
530 1611 615 1641 lucem
630 1612 770 1652 prodeunt
776 1612 930 1655 scriptores
948 1612 1061 1653 quidam
1075 1613 1200 1651 minores,

176 1660 329 1690 maximam
338 1666 452 1700 partem
467 1659 557 1690 adhuc
570 1659 671 1690 inediti.

679 1754 689 1787 1

249 1846 438 1872 ORDINACIO
452 1846 499 1871 DE
512 1845 759 1872 PREDICACIONE
770 1847 794 1871 S.
809 1847 849 1872 CR
856 1846 927 1872 UCIS
936 1845 978 1872 IN
990 1846 1126 1872 ANGLIA.

217 1912 348 1945 Primum
375 1915 462 1955 igitur
477 1915 651 1958 scriptorum
675 1915 810 1946 minorum
831 1915 918 1946 locum
944 1915 1043 1945 obtinet
1063 1919 1200 1946 trac'tatus

179 1964 302 2004 quidam,
322 1966 368 2006 qui
384 1965 547 2008 inscribitur
558 1977 568 1997 :
583 1966 753 1998 Ordinacio
769 1966 806 1996 de
821 1965 1034 2007 predicacione
1045 1965 1073 1996 S.
1089 1965 1198 1997 Crucis

178 2013 208 2044 in
220 2012 333 2055 Anglia
347 2014 381 2044 &
394 2014 422 2044 in
437 2014 568 2044 codicibus
584 2013 778 2055 Oxonienfibus
791 2015 880 2056 eastat
891 2014 1002 2046 duobus.

220 2061 383 2103 Perpaucas
397 2062 529 2093 orationes
549 2062 646 2093 Crucis
660 2063 889 2103 praedicatorum,
903 2074 1020 2103 quorum
1038 2063 1067 2093 in
1086 2073 1198 2094 numero

175 2121 307 2141 vocamus
321 2122 374 2150 eas,
390 2123 451 2152 quae
471 2112 506 2142 ab
526 2111 644 2142 Urbano
659 2111 696 2142 II
702 2119 792 2154 papa,
810 2112 927 2155 episcopo
942 2111 1100 2155 Oportenst,
1112 2111 1197 2142 Hen-
