1624 2788
392 207 446 252 viij
797 215 1018 242 PRAEFATIO.

393 323 450 354 rico
464 324 497 354 de
511 323 635 364 Albano,
641 325 720 368 sedis
734 324 887 365 apostolicae
897 324 994 364 legato,
1005 322 1142 355 Martino
1157 323 1314 366 Parifienfi
1323 325 1423 355 abbate

395 372 428 403 ἐς
444 372 542 403 Iacobo
556 373 588 404 de
607 372 733 405 Vitriaco
744 380 755 397 ¹
772 372 963 416 habitaesung
983 371 1074 403 adhuc
1088 373 1204 414 restare,
1219 374 1331 414 constat,
1346 380 1423 404 atta-

394 433 454 452 men
464 421 487 462 ij
497 421 584 452 valde
595 428 705 460 errant,
716 422 764 462 qui
773 434 806 452 ex
817 421 903 460 titulo,
913 421 1001 452 libello
1011 422 1100 464 nostro
1110 421 1194 463 inff
1205 421 1304 452 Crucis
1310 421 1423 463 plenam

390 470 627 511 praedicationem,
641 470 819 510 colligendum
831 470 883 512 effi’
889 476 995 510 putent.
1010 470 1117 501 Etenim
1129 471 1184 502 eius
1189 471 1306 515 summa
1319 468 1423 511 differ--

395 519 460 550 tatio
474 518 628 560 dogmatica
643 520 688 560 est,
709 530 765 560 qua
779 524 878 550 auHor
891 520 925 550 de
943 531 1024 550 coena
1038 520 1156 550 Domini
1169 521 1203 551 ἔθ’
1217 531 1298 551 cruce
1315 518 1386 550 Chri
1410 518 1424 557 ',

393 569 422 598 in
433 568 545 609 mystica
560 569 593 598 ἔθ’
608 568 758 609 allegorica
772 567 873 610 exegefi
885 567 972 611 nisus,
983 568 1116 611 disputat,
1119 569 1179 612 sub
1185 568 1273 610 finem
1284 579 1353 599 vero
1354 568 1425 611 ser-

395 628 470 647 mone
485 617 584 648 Crucis
600 617 797 658 praedicatoris
812 617 910 647 utitur.

435 665 583 696 Aratorem
605 668 728 707 nostrum
750 666 848 697 virum
872 665 952 696 haud
971 666 1077 696 modica
1087 665 1181 707 suff
1202 666 1338 705 domina,
1350 666 1427 710 satis

394 714 457 745 inde
472 722 601 756 apparet,
616 715 690 755 quod
702 727 733 745 ex
749 715 844 756 hymno
861 727 873 743 e
889 714 941 745 Te
957 713 1062 745 Deum
1077 715 1246 754 laudamus,
1259 727 1271 742 ›
1289 727 1302 745 e
1316 714 1428 745 canticis

395 763 498 794 Adami
517 764 549 794 de
573 764 599 794 S.
629 763 748 802 Victore,
767 775 799 793 ex
820 762 966 804 Augustini
983 764 1017 794 δ’
1038 763 1305 807 Gregorijfiriptis,
1329 763 1430 794 laudat

395 813 505 855 versus,
525 813 645 853 quodque
668 813 821 853 Scripturae
845 812 951 851 Sacrae,
973 813 1123 852 ubicunque
1136 811 1209 854 fieri
1222 813 1315 854 potest,
1333 812 1429 843 verbis

397 861 495 892 utitur.
519 861 667 892 Praeterea
683 860 856 891 audientibus
871 861 975 891 acriter
987 861 1082 901 instat,
1098 867 1130 891 ut
1142 860 1259 891 Crucem
1274 860 1428 902 affumant,

397 910 440 949 &‚
459 910 626 953 quibusdam
646 909 901 952 crucesignatorum
917 910 1043 950 exemplis
1064 909 1167 948 allatis,
1185 909 1280 939 divino
1301 910 1428 949 instinHu

397 959 500 990 animos
514 959 650 989 concitare
651 959 757 999 studet.
772 957 873 999 Quum
888 969 956 989 vero
972 963 1111 989 trabiatus
1123 958 1168 988 ille
1178 958 1211 988 de
1221 969 1302 989 coena
1313 958 1431 989 Domini

398 1008 432 1038 ἔθ’
458 1019 538 1039 cruce
560 1007 666 1048 Christi
693 1017 745 1037 non
771 1010 847 1037 ανέῖε
871 1006 1056 1047 coniungatur
1079 1019 1140 1038 cum
1155 1008 1296 1051 sermone,
1321 1018 1373 1047 quo
1391 1006 1433 1037 ad

436 1107 446 1123 1
471 1097 559 1123 Iacobi
578 1096 736 1122 vitriacensis
762 1096 882 1131 praedica-

397 1138 487 1170 tiones,
515 1139 639 1163 Sermones
663 1137 715 1162 duo
737 1138 774 1162 ad
795 1138 884 1163 Cruce-

947 1097 1093 1123 constitutus
1114 1097 1262 1131 (Matzner,
1286 1099 1325 1123 De
1348 1096 1431 1123 Jacohi

947 1136 1010 1163 Vitr.
1024 1137 1092 1170 vita,
1101 1138 1211 1163 Monast.
1227 1139 1298 1169 1863,
1315 1137 1429 1170 ¹2⁰,62).

391 1178 499 1212 fignatos
515 1179 538 1203 &
554 1178 605 1203 duo
622 1179 659 1203 ad
675 1177 826 1211 Peregrinos,
841 1176 884 1211 qui

397 1218 422 1243 in
435 1218 543 1244 eiusdem
559 1218 711 1243 Sermonibus
721 1218 758 1243 ad
757 1218 846 1251 status,
858 1217 883 1242 in

399 1258 482 1283 multis
491 1257 622 1283 codicibus
631 1258 654 1283 &
663 1257 797 1291 praesertim
807 1257 832 1282 in
842 1265 884 1282 co-

399 1298 454 1324 dice
462 1297 587 1323 Parifienfi
595 1297 676 1331 (Bibl.
687 1303 782 1329 nat.,n⁰
793 1306 800 1321 r
808 1306 885 1330 7590,

399 1347 432 1363 m.
449 1338 504 1364 saec.
518 1338 593 1370 XIII)
608 1336 745 1368 asservatis,
758 1337 885 1368 exstant‚a

400 1378 454 1403 viro
462 1377 600 1403 doffiffimo
607 1378 693 1412 Lecoy
703 1377 735 1402 de
742 1377 766 1402 la
777 1376 885 1402 Marche

401 1417 451 1451 (La
465 1417 550 1443 chaire
555 1417 690 1451 franfaife
697 1426 731 1442 au
739 1425 817 1450 moyen
829 1417 886 1450 age,

400 1466 424 1492 p.
441 1458 532 1489 66-67)
550 1457 600 1482 iam
621 1456 678 1482 satis
695 1457 804 1483 laudatae
823 1456 885 1482 sunt.

400 1496 581 1523 Difficillimum
603 1496 636 1521 est
658 1495 806 1527 diiudicatu,
834 1504 886 1530 quo

401 1543 515 1571 tempore
533 1536 572 1563 hae
585 1537 711 1562 orationes
724 1535 818 1562 habitae
834 1536 887 1561 fue-

401 1576 457 1602 rint.
464 1578 549 1606 Quum
557 1576 709 1602 νετοειυξὶοι-
714 1576 740 1608 (f.
748 1576 887 1609 94h),post-

401 1625 476 1650 quam
485 1616 517 1641 de
525 1616 711 1650 expugnatione
721 1616 788 1641 urbis
797 1616 887 1642 sanaae

401 1656 425 1681 in
434 1656 527 1682 flebiles
537 1656 727 1682 lamentationes
739 1655 887 1690 profuderit,

401 1697 479 1722 verba
504 1696 622 1721 Iohannis
649 1696 773 1730 (Apocal.
797 1704 834 1727 Χῐ,
861 1697 887 1728 2)

402 1736 476 1762 citet:
490 1735 626 1762 Civitatem
636 1736 754 1769 santiam
766 1735 888 1761 conculca-

402 1781 498 1801 verunt
517 1776 631 1809 menstbus
649 1776 681 1802 xl
695 1777 786 1802 duobus
806 1776 830 1801 δε
843 1776 888 1801 ad-

401 1816 461 1841 dat:
478 1826 488 1840 ι
502 1816 615 1842 Peccatis
629 1816 788 1850 exigentibus
808 1824 888 1841 annus

402 1864 449 1890 pro
461 1855 540 1889 mense
553 1857 626 1881 datus
639 1856 672 1881 est
686 1855 768 1887 nobis,
779 1866 788 1879 n
804 1854 888 1889 colligi

403 1896 491 1929 potest,
505 1896 631 1921 orationes
645 1905 711 1921 anno
730 1896 888 1930 quadragefi-

403 1944 445 1961 mo
460 1936 568 1961 secundo
583 1936 636 1970 post
647 1937 734 1961 urbem
746 1945 761 1961 a
771 1935 888 1961 Saladino

402 1981 512 2009 captam,
531 1975 615 2009 itaque
634 1985 700 2001 anno
716 1977 889 2002 MCCXXIX

402 2015 500 2041 habitas
511 2015 591 2041 fuisse.
606 2017 714 2041 Iacobus
729 2021 812 2041 autem
823 2025 889 2041 anno

403 2056 575 2081 MCCXXIX
597 2055 764 2081 cardinalatus
789 2055 888 2081 honori-

403 2096 450 2121 bus
473 2101 576 2121 ornatus
597 2095 748 2132 praedicator
769 2104 820 2122 non
843 2095 889 2123 fuit

947 1176 1154 1203 Verifimillimum
1166 1177 1242 1211 igitur
1249 1176 1320 1202 nobis
1335 1176 1384 1202 effe
1395 1176 1432 1202 vi-

947 1217 1027 1249 detur,
1034 1217 1078 1242 has
1084 1217 1209 1243 orationes
1215 1226 1238 1242 a.
1245 1217 1431 1243 Mccxxvn

947 1257 1045 1282 habitas
1052 1257 1186 1292 fuiffe,quo
1194 1258 1301 1283 Iacobus
1307 1257 1331 1282 in
1341 1256 1432 1291 Belgio

947 1297 1027 1323 crucis
1044 1297 1194 1331 praedicator
1215 1302 1268 1323 erat
1292 1297 1432 1330 (Matzner,

949 1337 996 1370 61)
1011 1338 1035 1362 &
1049 1337 1176 1372 expeditio
1188 1336 1308 1362 Friderici
1324 1337 1431 1371 impera-

948 1376 1009 1402 toris
1029 1377 1052 1402 in
1065 1378 1202 1402 Saracenos
1220 1376 1327 1402 instabat
1347 1375 1432 1410 (Rfih-

948 1416 1021 1448 richt,
1038 1416 1165 1450 Beitraege‚
1183 1417 1204 1448 1,
1222 1425 1246 1450 p.
1267 1415 1368 1449 17-19),
1382 1424 1433 1449 qua

948 1456 1070 1482 christiani
1085 1465 1172 1482 ornnes
1190 1456 1285 1481 summa
1303 1456 1345 1490 spe
1363 1463 1434 1481 recu-

948 1496 1082 1530 perationis
1109 1497 1199 1523 Terrae
1227 1496 1322 1522 Sanaae
1347 1495 1435 1529 imple-

949 1538 1049 1568 bantur,
1078 1537 1222 1571 praesertim,
1250 1544 1338 1570 quum,
1367 1543 1434 1561 anno

949 1577 1119 1602 MCCXXIX
1139 1575 1214 1601 issami
1237 1583 1345 1601 errorem
1361 1574 1435 1609 plane

949 1616 1095 1651 periturum,
1109 1615 1204 1650 ubique
1222 1615 1344 1641 creditum
1360 1614 1435 1640 fuerit

950 1656 1098 1689 (Robricht,
1113 1655 1239 1689 Beitrdge,
1248 1656 1270 1687 Ι,
1279 1663 1304 1689 p.
1321 1663 1362 1688 79,
1374 1659 1435 1680 nota

950 1704 999 1729 235
1021 1696 1065 1721 sub
1085 1695 1157 1730 fine).
1183 1696 1258 1721 Hanc
1278 1695 1355 1729 igitur
1377 1703 1435 1729 pro-

949 1735 1060 1769 phetiam
1089 1736 1205 1769 sequutus
1240 1735 1350 1760 Iacobus
1384 1735 1434 1760 iam

949 1784 1016 1801 anno
1051 1776 1246 1807 MCCXXVII,
1281 1781 1308 1800 ut
1339 1774 1435 1800 animos

950 1815 1136 1841 christianorum
1147 1815 1228 1841 acrius
1237 1815 1360 1847 incitaret,
1366 1823 1437 1841 recu-

950 1855 1105 1889 perationem
1129 1856 1219 1881 Terrae
1246 1855 1343 1881 sanaae
1369 1863 1437 1880 anno

952 1897 1126 1923 MCCXXIX
1150 1896 1287 1928 imminere,
1317 1896 1438 1930 praedica-

951 1936 1010 1962 visse
1019 1936 1090 1962 nobis
1101 1936 1207 1962 videtur.
1218 1937 1350 1962 Sermones
1361 1935 1437 1970 igitur

951 1976 1094 2010 praedictos,
1112 1982 1200 2010 utpote
1213 1976 1245 2001 ad
1263 1985 1314 2001 rem
1329 1975 1436 2001 nostrarn

951 2022 1027 2042 aetate
1047 2025 1097 2042 non
1119 2016 1266 2050 spectantes
1285 2016 1310 2042 in
1331 2016 1436 2050 praesens

952 2057 1068 2082 volumen
1081 2056 1185 2082 inserere
1201 2065 1250 2082 non
1265 2055 1365 2092 placuit.
