1624 2788
583 210 672 236 Fun
698 209 817 236 AGAP.
1138 207 1206 248 215

182 330 373 368 apparente,
390 316 606 354 minorabitur
617 319 651 353 &
664 315 882 353 debilitabitur
898 329 1037 365 regnum
1051 316 1211 365 Calipho-

182 385 275 418 rum3
298 371 355 421 (3)
383 372 554 421 surgetque
581 371 734 407 vexillum
750 370 893 406 hominis
909 368 1053 412 Arabici,
1083 371 1119 405 &
1138 371 1212 419 post

182 425 276 461 illum
292 426 401 462 veniet
418 425 523 460 homo
541 423 670 470 nobilis,
696 423 911 473 regnabitque
932 425 1025 472 super
1041 436 1160 459 terram
1177 424 1212 458 &

183 479 278 527 super
310 490 485 524 montana,
528 477 723 525 durabitque
756 491 895 527 regnum
926 478 1010 513 illius
1042 478 1211 524 aliquanto

184 544 335 580 tempore
348 531 469 579 absque
481 530 579 566 bello.
598 530 654 579 (4)
671 531 739 566 Post
751 530 843 566 illum
860 544 938 567 vero
951 532 1083 567 venient
1099 542 1212 579 gentes

184 587 220 621 &
243 584 446 621 vocabuntur
470 585 580 629 Turci‚
610 585 644 619 &
668 585 701 619 in
727 585 887 632 principio
915 585 1071 632 temporis
1097 597 1212 619 eorum

185 637 368 687 egredietur
385 651 440 674 rex
455 636 651 682 incredulus,
676 651 715 672 ex
736 636 887 686 genribus
912 638 1030 673 scilicet
1055 651 1120 686 que
1143 650 1212 672 non

185 691 333 735 credunt,
352 691 520 738 diruetque
538 691 703 727 civitatem
721 689 856 736 Balbeis‚
887 690 1122 739 damnabitque
1138 703 1213 726 eam

185 744 305 793 absque
331 745 398 780 ullo
424 745 559 780 crimine
576 745 611 779 &
628 744 735 792 culpa,
765 743 950 792 vendetque
966 745 1050 780 filios
1075 746 1109 779 ὃς
1133 744 1213 779 filias

185 799 219 834 &
232 798 381 834 homines
391 804 401 820 ¹
422 811 538 833 eorum
551 810 612 845 pro
625 798 680 834 vili
693 798 799 846 pretio
814 799 848 832 &
861 797 1007 832 modico.
1025 801 1081 846 (5)
1094 797 1130 832 Et
1142 797 1214 845 post

185 852 292 900 ipsum
308 849 457 900 regnabit
472 851 588 894 homo,
616 852 705 886 cuius
722 851 876 891 vexillum
898 852 957 886 erit
978 863 1132 886 croceum
1149 850 1212 899 [&]

186 904 274 940 oculi
290 905 388 954 nigri:
413 904 603 948 misericors,
626 905 791 940 veredicus
813 905 847 939 in
866 905 1014 940 sermone
1032 905 1102 950 suo,
1120 904 1214 952 super

184 958 336 993 inimicos
362 958 435 993 suos
458 957 692 1006 triumphator3
723 958 829 1006 capiet
854 959 1064 1004 Damascum,
1089 958 1214 1005 suisque

185 1010 299 1047 diebus
316 1011 456 1059 plurima
477 1012 585 1059 capita
607 1010 899 1057 detruncabuntur3
927 1010 1142 1059 prestabitque
1158 1010 1215 1047 fibi

186 1065 342 1100 auxilium
357 1065 461 1099 homo
479 1077 519 1100 ex
534 1077 655 1113 genere
672 1065 729 1099 suo
741 1071 755 1087 ²
767 1093 777 1108 ,
797 1077 954 1112 eruntque
971 1063 1040 1099 dies
1057 1064 1134 1099 mali
1149 1065 1215 1100 loci

185 1118 280 1164 illius,
312 1117 498 1165 vendetque
523 1117 672 1153 homines
688 1118 772 1153 illius
801 1131 862 1166 pro
892 1131 996 1166 parvo
1014 1118 1129 1166 pretio.
1159 1117 1214 1164 (6)

185 1172 221 1208 O
249 1171 461 1207 Carnathim!
491 1171 525 1206 O
552 1171 650 1207 Car.!
676 1171 711 1206 O
737 1172 832 1207 Car.!
861 1171 913 1207 Ve
932 1170 1008 1208 tibi!
1035 1170 1112 1206 flere
1135 1171 1214 1207 volo

225 1252 235 1268 ι
250 1242 342 1275 Forsan
354 1242 494 1276 vendetque
506 1242 621 1268 homines
634 1243 657 1268 δι
671 1242 735 1268 filios
749 1243 773 1268 δι
783 1241 846 1267 filias
856 1251 955 1275 earum;
968 1244 1000 1276 <fi
1015 1242 1215 1276 verfionemgal-

186 1282 266 1309 licam
277 1297 309 1303 —
321 1292 336 1308 α.
348 1283 432 1308 Verba
441 1283 553 1316 quaedam
562 1281 636 1316 omisit
647 1282 797 1315 amanuensis
804 1281 869 1316 ficut
875 1291 909 1308 ex
913 1282 1010 1316 gallica
1018 1287 1088 1317 patet
1096 1282 1214 1316 verfione.

188 1391 311 1412 comme
335 1390 392 1411 uns
414 1379 497 1411 escus
522 1390 620 1418 reons,
645 1379 675 1410 &
696 1390 733 1410 en
759 1379 828 1410 chel
852 1387 918 1411 tans
939 1382 1175 1412 commenchera
1199 1392 1216 1412 a

189 1423 368 1456 amenuifier
380 1423 410 1454 ὅτ.
422 1434 439 1454 a
449 1423 510 1454 aler
520 1434 538 1454 a
546 1424 632 1454 nient
643 1423 663 1454 li
674 1434 780 1465 regnes
791 1423 844 1455 des
855 1423 1008 1455 Sarrasms.
1022 1426 1061 1466 (3)
1074 1425 1115 1456 Et
1125 1436 1217 1456 venra

189 1477 279 1500 avant
303 1479 363 1499 une
384 1467 523 1509 enseigne
548 1467 618 1499 d'un
645 1469 770 1498 homme
791 1468 941 1499 d’Arrabe
957 1469 998 1504 (&
1011 1474 1163 1510 regnera);
1187 1470 1216 1501 &

190 1514 277 1554 apres
291 1513 392 1544 chelui
409 1522 534 1553 regnera
547 1523 603 1543 uns
624 1511 730 1544 nobles
752 1512 830 1547 hons
845 1512 891 1543 sur
913 1512 955 1544 les
977 1521 1055 1544 teres
1069 1513 1099 1544 ὅτ,
1114 1514 1160 1544 sur
1173 1514 1216 1546 les

190 1558 392 1598 montaigneg
407 1557 437 1587 δι
451 1557 561 1587 duerra
575 1556 618 1587 ses
632 1556 726 1597 signes
741 1556 771 1587 δε
786 1557 828 1587 ses
842 1567 948 1598 regnes
963 1557 993 1588 δι
1007 1557 1035 1588 sa
1048 1557 1216 1599 seigneurie

191 1610 306 1642 auques
322 1601 393 1632 lonc
409 1609 474 1632 tans
490 1601 554 1632 sans
568 1600 699 1632 bataille.
714 1601 754 1641 (4)
771 1600 855 1631 Mais
870 1601 958 1642 apres
971 1601 1071 1632 chelui
1087 1611 1218 1634 venront

190 1655 265 1676 unes
284 1656 358 1686 gens
373 1646 425 1686 qui
448 1645 547 1676 seront
568 1645 654 1686 apele
668 1645 768 1683 Ture,
793 1645 822 1676 δι
836 1644 865 1675 el
878 1646 1165 1677 commenchement
1179 1648 1217 1678 de

191 1688 239 1720 lor
260 1697 327 1721 tans
347 1689 455 1720 naistra
475 1700 532 1721 uns
555 1699 624 1731 roys
646 1689 684 1720 de
704 1700 777 1731 gens
798 1690 850 1730 qui
871 1700 910 1720 ne
934 1698 1082 1730 querront
1103 1691 1164 1722 mie
1179 1702 1216 1722 en

193 1732 287 1772 Dieu,
301 1733 358 1764 che
372 1734 415 1764 est
429 1734 467 1765 de
482 1732 637 1772 Sarrafins,
652 1733 681 1764 δι
695 1734 715 1764 fi
731 1733 876 1764 destruira
894 1733 922 1764 le
937 1735 1017 1765 chite
1037 1734 1074 1765 de
1096 1735 1216 1767 Belbais

182 1777 222 1809 ’δι
232 1777 399 1818 dampnera
411 1777 476 1809 sans
496 1777 592 1808 raison
604 1778 634 1809 &
645 1777 708 1808 sans
719 1789 829 1818 coupe,
840 1777 869 1808 ὅτ
880 1779 1013 1809 vendera
1023 1778 1066 1809 les
1078 1779 1217 1812 hommes

192 1822 231 1853 de
244 1821 332 1853 chele
346 1822 427 1853 chite
442 1822 472 1853 &
487 1822 534 1853 lor
551 1821 592 1853 fix
606 1821 636 1853 &
650 1822 698 1852 lor
711 1821 798 1861 filles,
819 1822 849 1853 &
863 1822 960 1854 donra
974 1834 1052 1863 pour
1068 1824 1143 1864 petit
1157 1825 1217 1865 pris

193 1865 223 1897 δε
237 1876 315 1907 pour
327 1866 379 1897 vil.
395 1867 435 1907 (5)
455 1866 496 1897 Et
506 1866 592 1907 aprEs
607 1865 719 1897 chestui
735 1877 860 1907 regnera
874 1877 930 1898 uns
942 1868 1019 1898 hons
1034 1868 1085 1909 qui
1098 1877 1218 1909 portera

188 1910 283 1951 jaune
297 1910 419 1942 baniere
440 1910 470 1941 &
488 1921 540 1941 ara
559 1910 643 1941 noirs
663 1911 722 1949 iex,
745 1910 775 1941 &
796 1909 816 1940 si
838 1910 901 1941 sera
925 1911 1007 1952 pitex
1029 1911 1058 1943 δε
1079 1913 1158 1944 vrais
1179 1924 1216 1944 en

194 1954 309 1995 parole,
331 1954 361 1986 &
384 1955 578 1997 vainquerres
599 1954 637 1985 de
658 1954 700 1986 ses
721 1955 845 1994 anemis,
866 1955 896 1986 &
918 1955 1067 1996 prendera
1082 1956 1218 1995 Damas3

194 2009 232 2029 en
255 1998 305 2030 sen
328 2006 394 2030 tans
414 1998 512 2030 seront
525 1999 622 2030 maint
635 1999 722 2030 chief
730 1999 835 2040 caupe.
857 1999 925 2030 Uns
939 2000 1017 2031 bons
1031 2000 1069 2032 de
1083 2001 1111 2032 se
1125 2002 1218 2043 lignie

195 2041 215 2073 li
231 2043 333 2074 aidera
346 2042 376 2074 ὅτ,
390 2043 410 2074 fi
426 2053 518 2074 venra
531 2042 577 2074 sur
591 2043 737 2082 Tabarie,
758 2043 788 2075 ἃ
803 2042 823 2074 fi
838 2043 866 2074 le
881 2043 1042 2083 destruira3
1064 2045 1136 2076 ichil
1151 2054 1217 2078 tans

195 2086 258 2118 sera
271 2095 358 2119 mout
379 2098 448 2118 max
464 2087 510 2118 sur
529 2087 633 2119 chiaus
652 2087 689 2118 de
708 2087 854 2127 Tabarie,
874 2099 926 2119 car
950 2088 971 2119 il
984 2088 1027 2121 les
1042 2090 1174 2121 vendera
1187 2090 1218 2121 &
