1624 2788
514 259 720 288 onsrmoms
736 258 935 287 DAMIATE.
1185 259 1234 299 97

206 373 476 418 Christianorum,
501 372 594 420 quod
616 385 683 408 erat
709 385 784 409 anre
807 372 918 407 focem
934 372 1087 407 Damiate
1113 372 1148 406 &
1176 383 1232 405 co-
1249 390 1307 413 ηις

207 426 285 462 tidie
307 426 443 475 quidam
466 427 631 462 Sarraceni
655 425 785 461 exibant
809 425 850 460 de
873 426 1001 461 civitate
1018 427 1052 460 &
1070 423 1235 474 negabant

207 493 324 516 eorum
341 480 450 528 legem
467 481 501 514 &
519 478 776 527 baptizabantur.
796 479 831 515 Et
849 478 890 514 de
907 479 999 514 malis
1012 478 1185 527 Spagnolis
1202 479 1236 512 &

208 533 250 569 de
266 533 359 568 malis
372 532 518 582 Anglicis
534 533 697 581 fugientes
714 532 756 568 ad
771 533 946 568 exercitum
960 533 1164 581 Paganorum
1181 544 1237 566 ne-

207 586 332 636 gabant
348 586 525 631 Christum,
543 585 647 621 filium
661 587 777 621 Sane'ie
794 586 895 621 Marie
913 586 1055 634 virginis.

255 640 390 676 XXXV.
413 640 573 675 Postrema
591 639 644 675 die
668 639 784 675 mensis
807 640 872 685 lulij
886 646 897 662 ¹
911 640 1076 674 civitatem
1094 637 1343 686 undique1u1.31.

209 706 286 728 cum
297 694 393 742 gattis
404 694 617 742 &manganis
625 695 659 728 &
669 693 824 741 prederiis
837 693 995 728 machinis
1010 692 1176 728 fortiffime
1185 706 1239 728 ex-

208 759 438 796 pugnaverunt
460 748 494 782 &
513 754 527 770 ²
550 747 680 782 summo
706 760 803 782 ruane
828 746 911 781 illius
934 746 997 781 diei
1022 746 1241 794 apposuerunt

209 800 382 836 Christiani
411 813 512 835 unam
531 807 543 830 ³
564 800 684 835 scalam
705 806 720 828 4
745 800 930 835 Pisanorum
963 813 1084 849 magne
1111 799 1239 834 fortitu-

209 853 294 889 dinis
306 855 341 889 &
357 853 606 902 magnitudinis;
623 867 719 889 muro
737 853 905 889 cuiusdam
922 854 1015 888 turris
1032 854 1166 888 civitatis
1180 852 1242 886 fuit

209 905 367 955 apposita,
384 907 477 955 super
493 920 594 954 quam
611 906 669 956 ipfi
688 914 700 938 5
724 908 824 943 Pisani
847 906 1056 942 ascendentes
1074 908 1108 942 &
1124 906 1241 940 stantes

209 959 313 1007 ipsam
326 971 448 994 turrem
459 960 473 983 ⁶
485 959 610 994 fortiter
624 972 701 994 cum
712 961 905 1004 Sarracenis,
921 961 977 1007 qui
990 961 1023 994 in
1041 973 1079 994 ea
1096 958 1242 1001 aderant,

209 1012 435 1061 preliaverunt.
462 1012 616 1048 Tandem
642 1014 807 1049 Sarraceni
834 1015 947 1063 ignem
969 1013 1207 1061 &sulphurem
1228 1016 1242 1038 7

210 1065 384 1101 accensum
400 1066 496 1114 super
509 1079 583 1101 eam
598 1067 818 1114 proficientes,
836 1067 940 1115 ipsam
953 1067 1072 1102 scalam
1090 1063 1243 1100 combus-

211 1118 328 1164 serunt,
340 1120 353 1143 ⁸
365 1121 400 1155 &
417 1119 459 1155 sic
471 1120 571 1155 Pisani
583 1133 634 1166 ea,
649 1133 713 1168 que
726 1121 979 1169 proposuerunt,
998 1119 1041 1155 ad
1054 1119 1155 1154 finem
1166 1130 1244 1166 pro-

212 1170 354 1208 ducere⁹
371 1174 507 1209 minime
518 1186 708 1222 potuerunt,
735 1175 770 1209 &
789 1173 831 1209 ab
849 1173 944 1222 ipsius
966 1175 1058 1209 turris
1077 1183 1244 1220 expugna-

212 1226 303 1261 tione
319 1225 499 1262 diviserant.
523 1226 586 1262 Sed
605 1228 681 1274 quia
698 1234 804 1263 non¹0
814 1226 980 1262 habebant
1000 1227 1185 1262 succursum
1202 1222 1244 1258 ab

212 1278 279 1314 aliis
295 1278 385 1315 scalis
398 1278 477 1316 dieii
492 1280 603 1326 Pisani,
616 1280 673 1316 sed
686 1293 796 1316 tamen
810 1281 931 1316 multos
941 1282 1133 1316 Sarracenos
1147 1282 1243 1316 inter-

24 1335 87 1359 ¹¹¹¹*-
97 1343 118 1366 1>-
133 1335 198 1366 ¹⁰⁹⁶·
213 1331 360 1368 fecerunt
375 1334 410 1368 &
434 1333 684 1370 vulneraverunt
704 1335 739 1370 &
757 1333 1013 1380 combusserunt,
1026 1341 1049 1357 ¹¹
1070 1335 1244 1370 Christiani

206 1398 291 1432 ‚vero
300 1384 433 1432 flebant,
442 1388 518 1435 quia
527 1401 596 1424 non
602 1400 755 1436 poterant
764 1387 981 1424 eosadiuvare
990 1387 1046 1423 nifi
1056 1388 1139 1423 solus
1146 1390 1244 1423 Deus.

213 1438 322 1474 Postea
330 1440 413 1475 scale
424 1440 625 1476 Ianuenfium
635 1441 827 1477 accedentes
839 1441 935 1491 ipfius
949 1444 1040 1478 turris
1051 1456 1146 1478 muro
1157 1455 1210 1477 eas
1219 1449 1246 1464 ¹²

213 1493 434 1540 apposuerunt
445 1495 480 1529 &
489 1500 516 1524 ¹³
530 1494 648 1531 calavit
660 1495 754 1544 super
769 1509 899 1531 murum
913 1496 1060 1540 civitatis,
1076 1498 1111 1531 ὃ(
1121 1496 1246 1543 optime

215 1545 386 1592 preliatum
394 1546 574 1595 est¹⁴usque
581 1548 623 1583 ad
633 1549 791 1596 vesperas.
807 1550 971 1586 Sarraceni
980 1562 1102 1594 autem,
1117 1549 1247 1598 egregie

215 1598 247 1632 se
270 1597 493 1645 defendentes,
520 1601 633 1649 ignem
658 1603 694 1636 &
720 1602 908 1650 sulphurem
920 1610 946 1634 ¹⁵
962 1605 996 1639 ἃ
1010 1605 1037 1627 ¹⁶
1051 1603 1207 1652 axungias
1220 1608 1247 1630 ¹7

217 1652 366 1687 accensas
390 1653 484 1701 super
505 1654 588 1701 ipsas
605 1655 704 1690 scalas
721 1657 939 1704 proiecerunt,
966 1671 1030 1705 que
1055 1657 1162 1692 statim
1179 1668 1248 1690 cre-

216 1717 305 1740 mare
330 1706 365 1740 &
382 1705 575 1742 comburere
592 1720 756 1756 ceperunt.
788 1710 953 1744 lanuenses
980 1723 1059 1745 vero
1083 1710 1197 1744 vinum
1214 1710 1248 1743 δε

216 1769 359 1803 acetum,
381 1759 474 1806 quod
491 1759 601 1795 secum
620 1773 840 1808 portaverant,
857 1763 951 1810 super
968 1763 1081 1811 ignem
1097 1763 1247 1810 proiicie-

218 1809 308 1856 bant,
321 1811 348 1834 ¹⁸
369 1811 425 1847 sed
451 1813 564 1861 ignem
590 1814 790 1863 exstinguere
819 1828 888 1851 non
914 1815 1075 1852 valebant.
1101 1817 1248 1852 Cernen-

257 1916 266 1932 1
285 1907 310 1933 P.
324 1907 462 1934 Christiani.
476 1924 510 1928 -
525 1919 539 1935 2
551 1910 575 1935 1³.
589 1909 623 1942 δι,
633 1910 762 1945 sequentia
775 1911 881 1938 omittens
893 1912 966 1946 usque
975 1921 1059 1938 unam.
1075 1927 1106 1931 —
1122 1922 1134 1945 3
1148 1914 1175 1938 P.
1189 1922 1249 1947 que-

218 1946 286 1972 dam.
299 1961 331 1966 —
346 1956 364 1978 4
377 1948 402 1974 P.
416 1948 490 1974 scala.
502 1964 535 1968 —
548 1959 561 1982 5
577 1950 654 1975 Rom.
668 1965 700 1970 —
711 1954 726 1976 6
738 1952 762 1977 Ρ.
773 1951 868 1977 turrim.
883 1967 914 1971 —
931 1961 944 1982 7
960 1953 984 1977 P.
998 1952 1122 1978 sulfurem.
1138 1968 1171 1972 -
1186 1956 1199 1978 8
1211 1954 1248 1979 M.

218 1987 406 2013 comburerunt.
422 2002 454 2007 —
470 1998 484 2021 9
499 1989 523 2014 P.
539 1989 571 2014 ad
584 1989 658 2015 finem
672 1990 771 2017 ducere.
790 2006 822 2010 —
848 2001 878 2018 ιο
892 1993 919 2018 P.
933 2000 977 2018 om.
990 1993 1023 2017 ab
1035 2001 1084 2018 non
1102 1992 1176 2027 usque
1189 1993 1250 2018 Pos-

219 2032 269 2052 tea.
285 2041 319 2046 -—
333 2036 360 2052 n
376 2028 414 2054 M.
429 2027 500 2062 legit.-
512 2030 690 2056 combuxerunt
708 2039 723 2056 v
735 2030 819 2065 passus
837 2032 978 2063 Christiani,
997 2033 1044 2057 &c-
1062 2047 1097 2051 ——-
1118 2041 1147 2058 η
1167 2033 1191 2058 Ρ.
1205 2041 1249 2058 om.

220 2081 254 2085 —
263 2075 273 2091 ι
280 2075 293 2099 3
302 2067 327 2092 P.
335 2067 542 2100 onsenlentiam:
551 2069 654 2095 calavit.
662 2089 668 2095 .
677 2089 683 2095 .
693 2070 724 2096 ad
732 2071 854 2105 vesperas,
866 2071 959 2105 legem.-
968 2071 1066 2098 fortiter
1073 2072 1150 2106 ipsam
1158 2078 1250 2098 turrem

222 2107 410 2140 expugnabam.
422 2123 456 2126 —
479 2117 510 2139 ¹4
533 2109 571 2134 M.
588 2109 708 2143 prenavit.
727 2125 759 2130 -
781 2120 809 2143 15
826 2112 862 2137 Μ.
882 2111 1006 2138 sulfurem.
1026 2126 1060 2131 ——
1077 2115 1106 2138 16
1120 2114 1146 2139 P.
1161 2122 1203 2139 om.
1217 2128 1251 2132 -

228 2153 257 2177 ¹7
273 2146 300 2172 P.
314 2154 344 2172 ac
356 2147 462 2181 song-ias.
474 2163 508 2166 —
525 2151 553 2174 ¹8
570 2149 595 2174 P.
609 2149 788 2183 prohiciebant.

1058 2199 1087 2224 ι3
