1624 2788
316 367 373 390 ¹²¹9

263 393 323 421 Aug.
335 398 372 422 ²9·

393 256 459 295 132
691 252 882 279 IOHANNES
899 252 949 277 DE
968 251 1115 277 TULBIA

435 365 498 401 XL.
523 369 556 400 ln
574 365 626 400 die
647 363 879 399 decollacionis
895 362 1004 397 Sansti
1022 361 1183 406 Iohannis,
1200 361 1256 408 qui
1273 373 1350 396 cum
1365 360 1410 396 la-
1423 371 1439 395 f.
1452 378 1489 402 34-

388 420 493 455 crimis
505 417 650 454 scribitur
659 417 727 452 dies
736 416 939 459 calamitatis,
950 414 1018 450 dies
1027 414 1151 449 miserie
1158 415 1193 449 δε
1200 413 1295 450 valde
1303 413 1411 450 Chris-

388 473 482 507 tianis
503 484 624 516 amara,
647 470 799 505 dominus
816 469 941 517 legatus
957 469 992 503 &
1007 480 1062 502 rex
1079 480 1155 502 cum
1172 466 1325 502 omnibus
1343 467 1412 502 aliis

389 526 475 560 foras
500 525 645 560 exierunt
665 525 699 558 ὅ(
725 536 782 570 per
809 535 927 557 terram
952 523 986 557 &
1007 534 1066 569 per
1089 533 1210 568 aquam
1240 521 1340 568 usque
1369 520 1412 556 ad

387 579 533 626 hospicia
550 579 752 626 paganorum
778 587 995 624 perrexerunt,
1023 587 1117 609 mora
1139 586 1250 609 autem
1267 573 1312 609 ibi
1328 574 1413 609 fa<sta

387 633 421 667 &
435 631 583 680 peditum
601 643 727 666 caterva
745 630 879 678 fatigata
895 629 1002 673 armis,
1019 627 1078 673 firi,
1095 629 1158 673 via,
1176 628 1295 672 calore,
1314 628 1412 663 intra-

387 686 434 721 vit
446 685 608 733 malignus
625 684 750 731 spiritus
765 683 799 717 in
813 681 964 717 cordibus
979 681 1138 729 peditum,
1155 682 1190 715 &
1202 693 1288 716 retro
1302 681 1413 729 fugere

388 750 555 786 ceperunt,
575 736 729 772 rebellum
742 735 932 781 incursione,
944 735 1000 770 sed
1014 747 1147 783 propter
1160 747 1294 783 peccata
1307 734 1414 770 nostra

387 793 422 827 &
438 792 597 827 anxietate
617 791 742 825 sensum
762 788 972 837 perdiderunt
987 790 1022 823 &
1040 789 1151 823 lumen
1176 788 1359 832 oculorum,
1380 789 1416 823 δε

388 858 470 880 unus
497 845 595 880 alium
622 842 844 886 interficiebat,
872 844 907 877 ὅ(
935 842 1040 877 nullus
1066 854 1194 889 poterat
1218 854 1274 876 eos
1293 841 1415 876 hortari

388 912 450 934 nec
475 899 620 933 retinere.
655 897 733 931 Hoc
757 895 905 932 videntes
931 895 1090 943 templarii
1117 897 1152 930 &
1179 894 1354 943 hospitales
1380 895 1415 930 δε

389 965 503 987 omnes
522 951 685 999 principes
704 963 787 984 onus
803 950 1013 984 inimicorum
1026 949 1247 993 sustinuerunt,
1265 949 1309 983 ita
1323 947 1415 995 quod

389 1006 605 1052 unusquisque
624 1004 715 1038 miles
732 1003 792 1038 fuit
810 1002 916 1038 fimilis
933 1001 1107 1047 Rolland0‚
1125 1003 1160 1036 &
1174 1002 1302 1037 fuerunt
1318 1002 1415 1036 inter—

389 1059 464 1094 feffl
482 1058 575 1093 multi
592 1071 631 1092 ex
656 1057 770 1092 nostris
794 1055 946 1091 militibus
963 1056 1070 1099 armis,
1097 1055 1216 1090 scilicet
1232 1054 1356 1103 pedites
1373 1054 1416 1090 de

391 1113 468 1161 fuga
480 1114 514 1147 ὅς
532 1111 702 1146 anxietate.
726 1110 760 1145 Et
774 1111 908 1145 Sanstus
928 1109 1084 1144 lohannes
1102 1109 1136 1143 in
1154 1108 1207 1143 die
1224 1109 1278 1143 sua
1295 1108 1416 1143 multos

391 1167 496 1201 socios
511 1165 614 1200 voluit
629 1163 758 1209 habere,
777 1164 854 1211 quia
867 1163 1020 1198 decollati
1032 1163 1161 1197 fuerunt
1174 1162 1215 1197 de
1229 1162 1416 1197 Christianis

390 1217 453 1254 sine
475 1231 623 1262 numero,
653 1218 801 1252 &secuti
829 1218 959 1252 fuerunt
985 1229 1044 1251 nos
1069 1217 1169 1264 usque
1195 1215 1237 1251 ad
1262 1214 1416 1251 fossatum

390 1273 547 1316 nostrum,
566 1274 600 1307 ὃ(
618 1271 709 1306 multi
727 1271 898 1318 templarij‚
923 1270 1118 1318 hospitalarij
1138 1270 1258 1304 mortui
1276 1271 1310 1304 &
1328 1269 1416 1317 capu*

390 1326 529 1370 fuerunt,
553 1327 588 1360 ὅ(
612 1326 645 1359 in
663 1324 783 1359 eodem
802 1323 854 1358 die
878 1322 1040 1358 amisimus
1069 1323 1198 1372 galeam
1215 1336 1314 1358 unam
1340 1335 1416 1357 cum

390 1380 582 1423 marinariis,
599 1381 632 1414 δε
646 1379 709 1413 hoc
724 1379 799 1414 fecit
810 1379 898 1413 Deus
907 1378 950 1413 ad
963 1377 1154 1413 salvandum
1167 1378 1286 1412 multos
1299 1389 1415 1425 pecca-

391 1446 487 1477 tores,
506 1433 581 1480 quia
599 1445 667 1467 non
685 1432 840 1467 exivimus
858 1431 900 1466 de
911 1431 992 1466 liciis
1009 1431 1123 1466 nostris
1136 1444 1212 1466 cum
1225 1430 1416 1477 humilitate,

390 1486 445 1521 sed
464 1499 539 1520 cum
553 1484 700 1533 superbia
713 1486 747 1519 &
761 1498 837 1520 cum
855 1497 979 1533 magno
995 1485 1111 1530 furore,
1129 1486 1314 1532 &superbis
1331 1488 1416 1520 Deus

390 1544 493 1588 refistit
511 1540 541 1574 6⁴
559 1540 669 1573 exaltat
685 1540 814 1573 humiles
832 1538 867 1582 (1
890 1538 982 1582 Petn,
999 1548 1034 1582 v,
1058 1539 1101 1587 ς).

438 1594 512 1628 XLI.
539 1592 643 1627 Modo
669 1592 786 1637 audite,
811 1592 948 1640 qualiter
976 1593 1065 1627 Deus
1094 1604 1240 1627 mortuos
1271 1593 1416 1640 suscepit.

391 1647 539 1695 Qidam
568 1647 766 1681 Teutonicus
800 1647 888 1682 vivus
913 1645 1062 1680 remansit
1086 1647 1121 1681 ἃ
1150 1647 1183 1682 in
1212 1649 1310 1681 noete
1337 1646 1417 1683 vidit

391 1714 497 1737 totum
515 1699 660 1735 sabulum
676 1700 893 1735 illuminatum
911 1701 944 1735 &
962 1712 1087 1735 tantam
1104 1699 1346 1735 multitudinem
1359 1714 1416 1736 an—

390 1755 551 1804 gelorum,
571 1753 662 1801 quod
677 1767 848 1788 numerum
871 1766 940 1788 non
957 1752 1131 1798 habebant,
1158 1754 1214 1800 qui
1230 1754 1323 1801 supra
1343 1767 1416 1789 cor-

389 1822 471 1856 pora
497 1820 703 1842 mortuorum
724 1806 919 1842 cantabant:
952 1810 1003 1852 Isti
1021 1809 1107 1854 sunt,
1138 1811 1191 1853 qui
1215 1821 1354 1843 venerunt
1382 1823 1417 1843 ex

390 1876 499 1908 magna
518 1862 711 1896 tribulacione
732 1861 762 1895 δ’
780 1862 915 1895 laverunt
922 1862 1022 1906 stolas
1032 1863 1108 1908 suas
1132 1863 1326 1908 insanguine
1344 1865 1416 1909 agni

390 1915 557 1962 (Apocal,
570 1925 633 1958 VII,
650 1924 685 1962 13
708 1915 800 1961 seq.)‚
819 1918 870 1960 qui
888 1917 1120 1961 contempserunt
1134 1917 1268 1950 mundum
1288 1916 1318 1949 δ’
1336 1930 1415 1951 mor-

388 1972 434 2003 tui
443 1971 518 2014 sunt
527 1981 585 2014 pro
600 1971 756 2002 Domino!
775 1967 876 2015 Capti
894 1967 1022 2002 fuerunt
1043 1968 1077 2002 in
1103 1967 1158 2002 illa
1175 1967 1228 2002 die
1249 1968 1296 2002 isti
1318 1967 1416 2004 baro-

389 2035 446 2056 nes
469 2038 476 2056 :
503 2023 695 2056 camerarius
718 2022 800 2069 regis
824 2021 965 2065 Fraude,
991 2020 1172 2068 episcopus'
1187 2020 1228 2056 de
1260 2022 1413 2066 Beluaeo,

389 2076 527 2109 dominus
551 2077 695 2109 Iohannes
721 2077 758 2109 de
785 2077 895 2118 οΑνεὶα,
929 2074 1123 2118 eius-frater,
1150 2087 1261 2110 comes
1281 2074 1323 2110 de
1347 2075 1415 2111 Bel-

390 2140 518 2173 mont0‚
548 2127 694 2165 Andreas
720 2127 760 2163 de
790 2127 854 2177 [Et]
866 2127 971 2176 piffes,
995 2127 1164 2164 Anselmus
1187 2127 1228 2164 de
1257 2129 1313 2164 Lin
1339 2142 1415 2167 cum
