<?xml version="1.0" encoding="UTF-8"?>
<!DOCTYPE html PUBLIC "-//W3C//DTD XHTML 1.0 Transitional//EN"
    "http://www.w3.org/TR/xhtml1/DTD/xhtml1-transitional.dtd">
<html xmlns="http://www.w3.org/1999/xhtml" xml:lang="en" lang="en">
 <head>
  <title>
</title>
<meta http-equiv="Content-Type" content="text/html;charset=utf-8" />
  <meta name='ocr-system' content='tesseract 3.04.00' />
  <meta name='ocr-capabilities' content='ocr_page ocr_carea ocr_par ocr_line ocrx_word'/>
</head>
<body>
  <div class='ocr_page' id='page_1' title='image "./quintibellisacri00rhuoft_0141.png"; bbox 0 0 1624 2788; ppageno 0'>
   <div class='ocr_carea' id='block_1_1' title="bbox 0 1558 30 1737">
    <p class='ocr_par' dir='ltr' id='par_1_1' title="bbox 0 1558 30 1737">
     <span class='ocr_line' id='line_1_1' title="bbox 0 1558 30 1737; textangle 90"><span class='ocrx_word' id='word_1_1' title='bbox 0 1558 30 1737; x_wconf 37' lang='lat' dir='ltr'>¹⁴00..sp</span> 
     </span>
    </p>
   </div>
   <div class='ocr_carea' id='block_1_2' title="bbox 0 1749 17 1858">
    <p class='ocr_par' dir='ltr' id='par_1_2' title="bbox 0 1749 17 1858">
     <span class='ocr_line' id='line_1_2' title="bbox 0 1749 17 1858; textangle 90"><span class='ocrx_word' id='word_1_2' title='bbox 12 1855 14 1858; x_wconf 74' lang='grc'>,</span> <span class='ocrx_word' id='word_1_3' title='bbox 0 1749 17 1813; x_wconf 61' lang='grc' dir='ltr'>&gt;’,ῑ</span> 
     </span>
    </p>
   </div>
   <div class='ocr_carea' id='block_1_3' title="bbox 0 1964 24 2097">
    <p class='ocr_par' dir='ltr' id='par_1_3' title="bbox 0 1964 24 2097">
     <span class='ocr_line' id='line_1_3' title="bbox 0 1964 24 2097; textangle 90"><span class='ocrx_word' id='word_1_4' title='bbox 10 2072 24 2097; x_wconf 38' lang='grc' dir='ltr'>,ι</span> <span class='ocrx_word' id='word_1_5' title='bbox 0 1964 21 2057; x_wconf 53' lang='grc' dir='ltr'>,ι’-’Ἁ-</span> 
     </span>
    </p>
   </div>
   <div class='ocr_carea' id='block_1_4' title="bbox 83 1651 223 1682">
    <p class='ocr_par' dir='ltr' id='par_1_4' title="bbox 83 1651 223 1682">
     <span class='ocr_line' id='line_1_4' title="bbox 83 1651 223 1682; baseline 0.007 -8"><span class='ocrx_word' id='word_1_6' title='bbox 83 1651 223 1682; x_wconf 76' lang='lat' dir='ltr'>M.f.⁶3n.</span> 
     </span>
    </p>
   </div>
   <div class='ocr_carea' id='block_1_5' title="bbox 532 245 1253 291">
    <p class='ocr_par' dir='ltr' id='par_1_5' title="bbox 532 245 1253 291">
     <span class='ocr_line' id='line_1_5' title="bbox 532 245 1253 291; baseline -0.003 -10"><span class='ocrx_word' id='word_1_7' title='bbox 532 254 738 281; x_wconf 76' lang='lat' dir='ltr'>OBSIDIONIS</span> <span class='ocrx_word' id='word_1_8' title='bbox 754 254 954 281; x_wconf 80' lang='lat' dir='ltr'><strong>DAMIATE.</strong></span> <span class='ocrx_word' id='word_1_9' title='bbox 1209 245 1253 291; x_wconf 83' lang='lat'>85</span> 
     </span>
    </p>
   </div>
   <div class='ocr_carea' id='block_1_6' title="bbox 233 361 1328 413">
    <p class='ocr_par' dir='ltr' id='par_1_6' title="bbox 233 361 1328 413">
     <span class='ocr_line' id='line_1_6' title="bbox 233 361 1328 413; baseline -0.004 -13"><span class='ocrx_word' id='word_1_10' title='bbox 233 378 352 400; x_wconf 89' lang='lat' dir='ltr'>norum</span> <span class='ocrx_word' id='word_1_11' title='bbox 365 367 399 400; x_wconf 92' lang='lat'>&amp;</span> <span class='ocrx_word' id='word_1_12' title='bbox 412 366 662 400; x_wconf 82' lang='lat' dir='ltr'>sarracenorum</span> <span class='ocrx_word' id='word_1_13' title='bbox 675 365 788 399; x_wconf 87' lang='lat' dir='ltr'>Beatus</span> <span class='ocrx_word' id='word_1_14' title='bbox 804 364 980 413; x_wconf 75' lang='lat' dir='ltr'>GeorgiuS‚</span> <span class='ocrx_word' id='word_1_15' title='bbox 997 364 1092 399; x_wconf 89' lang='lat' dir='ltr'>armis</span> <span class='ocrx_word' id='word_1_16' title='bbox 1105 361 1185 398; x_wconf 87' lang='lat' dir='ltr'>albis</span> <span class='ocrx_word' id='word_1_17' title='bbox 1205 363 1255 398; x_wconf 90' lang='lat' dir='ltr'>in-</span> <span class='ocrx_word' id='word_1_18' title='bbox 1270 380 1328 404; x_wconf 82' lang='lat'><em>1219</em></span> 
     </span>
    </p>
   </div>
   <div class='ocr_carea' id='block_1_7' title="bbox 225 416 1259 1684">
    <p class='ocr_par' dir='ltr' id='par_1_7' title="bbox 225 416 1259 945">
     <span class='ocr_line' id='line_1_7' title="bbox 232 416 1256 463; baseline -0.003 -9"><span class='ocrx_word' id='word_1_19' title='bbox 232 418 340 463; x_wconf 90' lang='lat' dir='ltr'>dutus,</span> <span class='ocrx_word' id='word_1_20' title='bbox 360 420 395 454; x_wconf 70' lang='grc' dir='ltr'>δε</span> <span class='ocrx_word' id='word_1_21' title='bbox 421 417 670 453; x_wconf 84' lang='lat' dir='ltr'>innumerabiles</span> <span class='ocrx_word' id='word_1_22' title='bbox 692 418 807 452; x_wconf 86' lang='lat' dir='ltr'>milites</span> <span class='ocrx_word' id='word_1_23' title='bbox 827 430 903 453; x_wconf 88' lang='lat' dir='ltr'>cum</span> <span class='ocrx_word' id='word_1_24' title='bbox 927 430 980 462; x_wconf 86' lang='lat' dir='ltr'>eo,</span> <span class='ocrx_word' id='word_1_25' title='bbox 996 416 1136 452; x_wconf 76' lang='lat' dir='ltr'>fimiliter</span> <span class='ocrx_word' id='word_1_26' title='bbox 1159 417 1256 451; x_wconf 92' lang='lat' dir='ltr'>armis</span> 
     </span>
     <span class='ocr_line' id='line_1_8' title="bbox 231 470 1259 518; baseline -0.003 -11"><span class='ocrx_word' id='word_1_27' title='bbox 231 471 312 507; x_wconf 88' lang='lat' dir='ltr'>albis</span> <span class='ocrx_word' id='word_1_28' title='bbox 326 479 336 496; x_wconf 89' lang='lat'><em>¹</em></span> <span class='ocrx_word' id='word_1_29' title='bbox 349 474 383 507; x_wconf 92' lang='lat'>&amp;</span> <span class='ocrx_word' id='word_1_30' title='bbox 398 470 533 508; x_wconf 88' lang='lat' dir='ltr'>vestibus</span> <span class='ocrx_word' id='word_1_31' title='bbox 550 470 697 506; x_wconf 84' lang='lat' dir='ltr'>candidis</span> <span class='ocrx_word' id='word_1_32' title='bbox 712 470 826 506; x_wconf 90' lang='lat' dir='ltr'>induti.</span> <span class='ocrx_word' id='word_1_33' title='bbox 844 470 1002 506; x_wconf 90' lang='lat' dir='ltr'>Videntes</span> <span class='ocrx_word' id='word_1_34' title='bbox 1019 482 1126 505; x_wconf 90' lang='lat' dir='ltr'>autem</span> <span class='ocrx_word' id='word_1_35' title='bbox 1139 470 1259 518; x_wconf 88' lang='lat' dir='ltr'>Pagani</span> 
     </span>
     <span class='ocr_line' id='line_1_9' title="bbox 233 524 1256 572; baseline -0.003 -11"><span class='ocrx_word' id='word_1_36' title='bbox 233 538 300 570; x_wconf 72' lang='grc' dir='ltr'>εοε,</span> <span class='ocrx_word' id='word_1_37' title='bbox 315 526 405 560; x_wconf 86' lang='lat' dir='ltr'>cursu</span> <span class='ocrx_word' id='word_1_38' title='bbox 419 524 616 561; x_wconf 87' lang='lat' dir='ltr'>velociffimo</span> <span class='ocrx_word' id='word_1_39' title='bbox 629 531 643 547; x_wconf 89' lang='lat'><em>²</em></span> <span class='ocrx_word' id='word_1_40' title='bbox 655 537 694 559; x_wconf 86' lang='lat' dir='ltr'>ex</span> <span class='ocrx_word' id='word_1_41' title='bbox 702 524 844 572; x_wconf 90' lang='lat' dir='ltr'>predore</span> <span class='ocrx_word' id='word_1_42' title='bbox 857 537 981 572; x_wconf 89' lang='lat' dir='ltr'>magno</span> <span class='ocrx_word' id='word_1_43' title='bbox 995 524 1171 567; x_wconf 89' lang='lat' dir='ltr'>venientes,</span> <span class='ocrx_word' id='word_1_44' title='bbox 1184 536 1256 571; x_wconf 90' lang='lat' dir='ltr'>per-</span> 
     </span>
     <span class='ocr_line' id='line_1_10' title="bbox 233 576 1257 627; baseline -0.003 -13"><span class='ocrx_word' id='word_1_45' title='bbox 233 579 332 614; x_wconf 84' lang='lat' dir='ltr'>territi</span> <span class='ocrx_word' id='word_1_46' title='bbox 349 579 463 627; x_wconf 88' lang='lat' dir='ltr'>fugam</span> <span class='ocrx_word' id='word_1_47' title='bbox 476 589 632 625; x_wconf 87' lang='lat' dir='ltr'>ceperunt</span> <span class='ocrx_word' id='word_1_48' title='bbox 647 578 682 612; x_wconf 90' lang='lat'>&amp;</span> <span class='ocrx_word' id='word_1_49' title='bbox 699 578 859 625; x_wconf 87' lang='lat' dir='ltr'>fugientes</span> <span class='ocrx_word' id='word_1_50' title='bbox 877 589 939 612; x_wconf 91' lang='lat' dir='ltr'>nec</span> <span class='ocrx_word' id='word_1_51' title='bbox 956 589 1047 624; x_wconf 90' lang='lat' dir='ltr'>pater</span> <span class='ocrx_word' id='word_1_52' title='bbox 1063 576 1177 621; x_wconf 88' lang='lat' dir='ltr'>filium,</span> <span class='ocrx_word' id='word_1_53' title='bbox 1195 588 1257 611; x_wconf 92' lang='lat' dir='ltr'>nec</span> 
     </span>
     <span class='ocr_line' id='line_1_11' title="bbox 232 629 1257 680; baseline -0.003 -13"><span class='ocrx_word' id='word_1_54' title='bbox 232 632 315 667; x_wconf 89' lang='lat' dir='ltr'>filius</span> <span class='ocrx_word' id='word_1_55' title='bbox 331 644 459 680; x_wconf 89' lang='lat' dir='ltr'>patrem</span> <span class='ocrx_word' id='word_1_56' title='bbox 479 629 693 678; x_wconf 56' lang='lat' dir='ltr'>exspec‘iabag</span> <span class='ocrx_word' id='word_1_57' title='bbox 713 631 812 665; x_wconf 86' lang='lat' dir='ltr'>castra</span> <span class='ocrx_word' id='word_1_58' title='bbox 826 632 861 665; x_wconf 75' lang='grc' dir='ltr'>δε</span> <span class='ocrx_word' id='word_1_59' title='bbox 877 631 999 673; x_wconf 85' lang='lat' dir='ltr'>omnia,</span> <span class='ocrx_word' id='word_1_60' title='bbox 1020 643 1083 677; x_wconf 93' lang='lat' dir='ltr'>que</span> <span class='ocrx_word' id='word_1_61' title='bbox 1100 631 1133 665; x_wconf 91' lang='lat' dir='ltr'>in</span> <span class='ocrx_word' id='word_1_62' title='bbox 1151 629 1257 664; x_wconf 87' lang='lat' dir='ltr'>castris</span> 
     </span>
     <span class='ocr_line' id='line_1_12' title="bbox 233 683 1257 732; baseline -0.002 -13"><span class='ocrx_word' id='word_1_63' title='bbox 233 683 408 729; x_wconf 86' lang='lat' dir='ltr'>habebant,</span> <span class='ocrx_word' id='word_1_64' title='bbox 426 685 552 732; x_wconf 91' lang='lat' dir='ltr'>penitus</span> <span class='ocrx_word' id='word_1_65' title='bbox 564 683 792 730; x_wconf 85' lang='lat' dir='ltr'>relinquentes,</span> <span class='ocrx_word' id='word_1_66' title='bbox 809 685 844 719; x_wconf 89' lang='lat'>&amp;</span> <span class='ocrx_word' id='word_1_67' title='bbox 857 690 868 713; x_wconf 85' lang='lat'>³</span> <span class='ocrx_word' id='word_1_68' title='bbox 881 683 980 718; x_wconf 90' lang='lat' dir='ltr'>etiam</span> <span class='ocrx_word' id='word_1_69' title='bbox 993 683 1177 728; x_wconf 80' lang='lat' dir='ltr'>Christiani,</span> <span class='ocrx_word' id='word_1_70' title='bbox 1191 683 1257 717; x_wconf 92' lang='lat' dir='ltr'>hoc</span> 
     </span>
     <span class='ocr_line' id='line_1_13' title="bbox 234 735 1257 786; baseline -0.002 -13"><span class='ocrx_word' id='word_1_71' title='bbox 234 737 412 783; x_wconf 86' lang='lat' dir='ltr'>audientes,</span> <span class='ocrx_word' id='word_1_72' title='bbox 438 750 597 786; x_wconf 88' lang='lat' dir='ltr'>magnum</span> <span class='ocrx_word' id='word_1_73' title='bbox 614 736 796 772; x_wconf 86' lang='lat' dir='ltr'>habuerunt</span> <span class='ocrx_word' id='word_1_74' title='bbox 813 738 975 771; x_wconf 88' lang='lat' dir='ltr'>timorem.</span> <span class='ocrx_word' id='word_1_75' title='bbox 1002 736 1112 771; x_wconf 88' lang='lat' dir='ltr'>Altera</span> <span class='ocrx_word' id='word_1_76' title='bbox 1131 735 1183 771; x_wconf 89' lang='lat' dir='ltr'>die</span> <span class='ocrx_word' id='word_1_77' title='bbox 1201 750 1257 772; x_wconf 86' lang='lat' dir='ltr'>ve-</span> 
     </span>
     <span class='ocr_line' id='line_1_14' title="bbox 234 789 1258 838; baseline -0.003 -12"><span class='ocrx_word' id='word_1_78' title='bbox 234 792 354 835; x_wconf 84' lang='lat' dir='ltr'>niente,</span> <span class='ocrx_word' id='word_1_79' title='bbox 383 803 465 825; x_wconf 90' lang='lat' dir='ltr'>unus</span> <span class='ocrx_word' id='word_1_80' title='bbox 490 803 528 826; x_wconf 88' lang='lat' dir='ltr'>ex</span> <span class='ocrx_word' id='word_1_81' title='bbox 553 790 698 838; x_wconf 88' lang='lat' dir='ltr'>Paganis,</span> <span class='ocrx_word' id='word_1_82' title='bbox 725 791 781 837; x_wconf 88' lang='lat' dir='ltr'>qui</span> <span class='ocrx_word' id='word_1_83' title='bbox 805 791 838 824; x_wconf 90' lang='lat' dir='ltr'>in</span> <span class='ocrx_word' id='word_1_84' title='bbox 867 802 987 836; x_wconf 85' lang='lat' dir='ltr'>campo</span> <span class='ocrx_word' id='word_1_85' title='bbox 1014 789 1219 832; x_wconf 85' lang='lat' dir='ltr'>remanserat,</span> <span class='ocrx_word' id='word_1_86' title='bbox 1242 795 1258 818; x_wconf 83' lang='lat'>4</span> 
     </span>
     <span class='ocr_line' id='line_1_15' title="bbox 234 842 1256 888; baseline -0.002 -9"><span class='ocrx_word' id='word_1_87' title='bbox 234 845 365 880; x_wconf 89' lang='lat' dir='ltr'>vocavit</span> <span class='ocrx_word' id='word_1_88' title='bbox 387 843 587 879; x_wconf 90' lang='lat' dir='ltr'>Christianos</span> <span class='ocrx_word' id='word_1_89' title='bbox 611 845 645 878; x_wconf 90' lang='lat'>&amp;</span> <span class='ocrx_word' id='word_1_90' title='bbox 664 842 744 878; x_wconf 85' lang='lat' dir='ltr'>dixit</span> <span class='ocrx_word' id='word_1_91' title='bbox 766 844 826 878; x_wconf 90' lang='lat' dir='ltr'>eis:</span> <span class='ocrx_word' id='word_1_92' title='bbox 860 846 972 888; x_wconf 81' lang='lat' dir='ltr'>Venite,</span> <span class='ocrx_word' id='word_1_93' title='bbox 998 846 1068 888; x_wconf 86' lang='lat' dir='ltr'>quia</span> <span class='ocrx_word' id='word_1_94' title='bbox 1095 845 1256 877; x_wconf 79' lang='lat' dir='ltr'>Sarraceni</span> 
     </span>
     <span class='ocr_line' id='line_1_16' title="bbox 225 897 1095 945; baseline -0.001 -14"><span class='ocrx_word' id='word_1_95' title='bbox 225 900 339 944; x_wconf 81' lang='lat' dir='ltr'>fugam</span> <span class='ocrx_word' id='word_1_96' title='bbox 357 910 494 945; x_wconf 82' lang='lat' dir='ltr'>ceperunt</span> <span class='ocrx_word' id='word_1_97' title='bbox 511 897 542 931; x_wconf 69' lang='grc' dir='ltr'>δ’</span> <span class='ocrx_word' id='word_1_98' title='bbox 558 900 650 942; x_wconf 83' lang='lat' dir='ltr'>castra</span> <span class='ocrx_word' id='word_1_99' title='bbox 668 910 732 931; x_wconf 85' lang='lat' dir='ltr'>cum</span> <span class='ocrx_word' id='word_1_100' title='bbox 751 899 885 931; x_wconf 86' lang='lat' dir='ltr'>omnibus</span> <span class='ocrx_word' id='word_1_101' title='bbox 902 898 1095 942; x_wconf 76' lang='lat' dir='ltr'>dimiserunt!</span> 
     </span>
    </p>

    <p class='ocr_par' dir='ltr' id='par_1_8' title="bbox 232 949 1259 1684">
     <span class='ocr_line' id='line_1_17' title="bbox 281 949 1257 998; baseline -0.002 -13"><span class='ocrx_word' id='word_1_102' title='bbox 281 950 364 986; x_wconf 85' lang='lat' dir='ltr'><strong>XVI.</strong></span> <span class='ocrx_word' id='word_1_103' title='bbox 385 950 465 998; x_wconf 81' lang='lat' dir='ltr'>Quo</span> <span class='ocrx_word' id='word_1_104' title='bbox 480 950 579 994; x_wconf 57' lang='lat' dir='ltr'>fassio,</span> <span class='ocrx_word' id='word_1_105' title='bbox 593 949 776 994; x_wconf 85' lang='lat' dir='ltr'>Christiani,</span> <span class='ocrx_word' id='word_1_106' title='bbox 790 949 833 984; x_wconf 88' lang='lat' dir='ltr'>ad</span> <span class='ocrx_word' id='word_1_107' title='bbox 846 950 945 984; x_wconf 83' lang='lat' dir='ltr'>castra</span> <span class='ocrx_word' id='word_1_108' title='bbox 953 961 1136 997; x_wconf 87' lang='lat' dir='ltr'>pergentes,</span> <span class='ocrx_word' id='word_1_109' title='bbox 1150 960 1257 997; x_wconf 90' lang='lat' dir='ltr'>temp-</span> 
     </span>
     <span class='ocr_line' id='line_1_18' title="bbox 232 1001 1259 1050; baseline -0.002 -12"><span class='ocrx_word' id='word_1_110' title='bbox 232 1004 316 1039; x_wconf 89' lang='lat' dir='ltr'>toria</span> <span class='ocrx_word' id='word_1_111' title='bbox 327 1005 362 1038; x_wconf 91' lang='lat'>&amp;</span> <span class='ocrx_word' id='word_1_112' title='bbox 374 1004 496 1046; x_wconf 86' lang='lat' dir='ltr'>omnia,</span> <span class='ocrx_word' id='word_1_113' title='bbox 513 1015 576 1050; x_wconf 91' lang='lat' dir='ltr'>que</span> <span class='ocrx_word' id='word_1_114' title='bbox 593 1003 626 1037; x_wconf 87' lang='lat' dir='ltr'>in</span> <span class='ocrx_word' id='word_1_115' title='bbox 645 1003 751 1037; x_wconf 89' lang='lat' dir='ltr'>castris</span> <span class='ocrx_word' id='word_1_116' title='bbox 768 1002 912 1045; x_wconf 84' lang='lat' dir='ltr'>aderant,</span> <span class='ocrx_word' id='word_1_117' title='bbox 936 1001 1118 1037; x_wconf 86' lang='lat' dir='ltr'>habuerunt</span> <span class='ocrx_word' id='word_1_118' title='bbox 1130 1003 1259 1037; x_wconf 85' lang='lat' dir='ltr'>&amp;inter</span> 
     </span>
     <span class='ocr_line' id='line_1_19' title="bbox 233 1054 1259 1091; baseline -0.001 -1"><span class='ocrx_word' id='word_1_119' title='bbox 233 1055 265 1090; x_wconf 84' lang='lat' dir='ltr'>se</span> <span class='ocrx_word' id='word_1_120' title='bbox 282 1054 464 1091; x_wconf 71' lang='lat' dir='ltr'>diviserunt.</span> <span class='ocrx_word' id='word_1_121' title='bbox 487 1056 522 1091; x_wconf 80' lang='lat' dir='ltr'>Et</span> <span class='ocrx_word' id='word_1_122' title='bbox 538 1069 616 1091; x_wconf 92' lang='lat' dir='ltr'>tunc</span> <span class='ocrx_word' id='word_1_123' title='bbox 633 1056 807 1091; x_wconf 85' lang='lat' dir='ltr'>Christiani</span> <span class='ocrx_word' id='word_1_124' title='bbox 829 1055 1053 1091; x_wconf 85' lang='lat' dir='ltr'>intellexerunt</span> <span class='ocrx_word' id='word_1_125' title='bbox 1071 1056 1105 1089; x_wconf 71' lang='grc' dir='ltr'>ὅ(</span> <span class='ocrx_word' id='word_1_126' title='bbox 1126 1054 1259 1089; x_wconf 87' lang='lat' dir='ltr'>firmiter</span> 
     </span>
     <span class='ocr_line' id='line_1_20' title="bbox 233 1108 1258 1156; baseline -0.002 -12"><span class='ocrx_word' id='word_1_127' title='bbox 233 1108 449 1153; x_wconf 84' lang='lat' dir='ltr'>crediderunt,</span> <span class='ocrx_word' id='word_1_128' title='bbox 463 1116 475 1139; x_wconf 81' lang='lat'><em>⁵</em></span> <span class='ocrx_word' id='word_1_129' title='bbox 489 1109 580 1156; x_wconf 91' lang='lat' dir='ltr'>quod</span> <span class='ocrx_word' id='word_1_130' title='bbox 590 1110 754 1144; x_wconf 90' lang='lat' dir='ltr'>Dominus</span> <span class='ocrx_word' id='word_1_131' title='bbox 765 1109 869 1143; x_wconf 88' lang='lat' dir='ltr'>noster</span> <span class='ocrx_word' id='word_1_132' title='bbox 879 1108 981 1143; x_wconf 80' lang='lat' dir='ltr'>lhesus</span> <span class='ocrx_word' id='word_1_133' title='bbox 991 1108 1135 1143; x_wconf 87' lang='lat' dir='ltr'>Christus</span> <span class='ocrx_word' id='word_1_134' title='bbox 1144 1109 1258 1143; x_wconf 92' lang='lat' dir='ltr'>Cruci-</span> 
     </span>
     <span class='ocr_line' id='line_1_21' title="bbox 233 1161 1258 1210; baseline -0.001 -13"><span class='ocrx_word' id='word_1_135' title='bbox 233 1161 314 1197; x_wconf 82' lang='lat' dir='ltr'>fixus</span> <span class='ocrx_word' id='word_1_136' title='bbox 336 1161 417 1197; x_wconf 79' lang='lat' dir='ltr'>misit</span> <span class='ocrx_word' id='word_1_137' title='bbox 434 1163 549 1197; x_wconf 89' lang='lat' dir='ltr'>milites</span> <span class='ocrx_word' id='word_1_138' title='bbox 562 1163 634 1197; x_wconf 92' lang='lat' dir='ltr'>suos</span> <span class='ocrx_word' id='word_1_139' title='bbox 648 1162 690 1210; x_wconf 68' lang='lat' dir='ltr'>ad</span> <span class='ocrx_word' id='word_1_140' title='bbox 703 1161 962 1210; x_wconf 88' lang='lat' dir='ltr'>expugnandum</span> <span class='ocrx_word' id='word_1_141' title='bbox 975 1162 1120 1210; x_wconf 89' lang='lat' dir='ltr'>Paganos</span> <span class='ocrx_word' id='word_1_142' title='bbox 1138 1163 1172 1196; x_wconf 90' lang='lat'>&amp;</span> <span class='ocrx_word' id='word_1_143' title='bbox 1188 1162 1258 1196; x_wconf 88' lang='lat' dir='ltr'>Sar-</span> 
     </span>
     <span class='ocr_line' id='line_1_22' title="bbox 233 1214 1258 1263; baseline -0.002 -12"><span class='ocrx_word' id='word_1_144' title='bbox 233 1229 380 1252; x_wconf 88' lang='lat' dir='ltr'>racenos.</span> <span class='ocrx_word' id='word_1_145' title='bbox 399 1215 433 1250; x_wconf 81' lang='lat' dir='ltr'>Et</span> <span class='ocrx_word' id='word_1_146' title='bbox 441 1217 474 1250; x_wconf 89' lang='lat' dir='ltr'>in</span> <span class='ocrx_word' id='word_1_147' title='bbox 484 1216 530 1250; x_wconf 91' lang='lat' dir='ltr'>his</span> <span class='ocrx_word' id='word_1_148' title='bbox 540 1215 652 1251; x_wconf 90' lang='lat' dir='ltr'>diebus</span> <span class='ocrx_word' id='word_1_149' title='bbox 661 1216 811 1263; x_wconf 87' lang='lat' dir='ltr'>apparuit</span> <span class='ocrx_word' id='word_1_150' title='bbox 824 1215 1002 1250; x_wconf 87' lang='lat' dir='ltr'>Sarracenis</span> <span class='ocrx_word' id='word_1_151' title='bbox 1019 1214 1162 1261; x_wconf 88' lang='lat' dir='ltr'>quedam</span> <span class='ocrx_word' id='word_1_152' title='bbox 1171 1215 1258 1250; x_wconf 88' lang='lat' dir='ltr'>terri-</span> 
     </span>
     <span class='ocr_line' id='line_1_23' title="bbox 235 1268 1257 1316; baseline -0.002 -12"><span class='ocrx_word' id='word_1_153' title='bbox 235 1268 305 1304; x_wconf 90' lang='lat' dir='ltr'>bilis</span> <span class='ocrx_word' id='word_1_154' title='bbox 315 1282 380 1305; x_wconf 86' lang='lat' dir='ltr'>vox</span> <span class='ocrx_word' id='word_1_155' title='bbox 394 1268 550 1304; x_wconf 88' lang='lat' dir='ltr'>dicendo:</span> <span class='ocrx_word' id='word_1_156' title='bbox 568 1272 673 1316; x_wconf 80' lang='lat' dir='ltr'>Fugite</span> <span class='ocrx_word' id='word_1_157' title='bbox 686 1269 716 1303; x_wconf 62' lang='lat'>6³</span> <span class='ocrx_word' id='word_1_158' title='bbox 729 1273 770 1303; x_wconf 83' lang='lat' dir='ltr'>ite</span> <span class='ocrx_word' id='word_1_159' title='bbox 787 1273 866 1304; x_wconf 82' lang='lat' dir='ltr'>viam</span> <span class='ocrx_word' id='word_1_160' title='bbox 880 1272 1000 1313; x_wconf 79' lang='lat' dir='ltr'>vestram</span> <span class='ocrx_word' id='word_1_161' title='bbox 1014 1268 1079 1316; x_wconf 69' lang='lat' dir='ltr'>&amp;fi</span> <span class='ocrx_word' id='word_1_162' title='bbox 1091 1282 1160 1311; x_wconf 87' lang='lat' dir='ltr'>non,</span> <span class='ocrx_word' id='word_1_163' title='bbox 1179 1282 1257 1303; x_wconf 90' lang='lat' dir='ltr'>mor-</span> 
     </span>
     <span class='ocr_line' id='line_1_24' title="bbox 234 1320 1257 1369; baseline -0.002 -12"><span class='ocrx_word' id='word_1_164' title='bbox 234 1327 280 1358; x_wconf 84' lang='lat' dir='ltr'>tui</span> <span class='ocrx_word' id='word_1_165' title='bbox 291 1323 305 1345; x_wconf 90' lang='lat'><strong>⁶</strong></span> <span class='ocrx_word' id='word_1_166' title='bbox 317 1325 422 1358; x_wconf 83' lang='lat' dir='ltr'>eritis!</span> <span class='ocrx_word' id='word_1_167' title='bbox 439 1322 472 1356; x_wconf 80' lang='lat' dir='ltr'>Et</span> <span class='ocrx_word' id='word_1_168' title='bbox 485 1322 545 1357; x_wconf 88' lang='lat' dir='ltr'>hec</span> <span class='ocrx_word' id='word_1_169' title='bbox 558 1335 623 1357; x_wconf 87' lang='lat' dir='ltr'>vox</span> <span class='ocrx_word' id='word_1_170' title='bbox 636 1335 694 1369; x_wconf 90' lang='lat' dir='ltr'>per</span> <span class='ocrx_word' id='word_1_171' title='bbox 707 1334 813 1356; x_wconf 89' lang='lat' dir='ltr'>totum</span> <span class='ocrx_word' id='word_1_172' title='bbox 827 1322 1002 1356; x_wconf 86' lang='lat' dir='ltr'>exercitum</span> <span class='ocrx_word' id='word_1_173' title='bbox 1015 1320 1083 1356; x_wconf 87' lang='lat' dir='ltr'>ibat</span> <span class='ocrx_word' id='word_1_174' title='bbox 1096 1320 1257 1356; x_wconf 88' lang='lat' dir='ltr'>dicendo:</span> 
     </span>
     <span class='ocr_line' id='line_1_25' title="bbox 235 1373 1259 1422; baseline -0.001 -13"><span class='ocrx_word' id='word_1_175' title='bbox 235 1378 351 1422; x_wconf 78' lang='lat' dir='ltr'>Fugite,</span> <span class='ocrx_word' id='word_1_176' title='bbox 365 1378 482 1422; x_wconf 81' lang='lat' dir='ltr'>fugite,</span> <span class='ocrx_word' id='word_1_177' title='bbox 499 1389 563 1409; x_wconf 80' lang='lat' dir='ltr'>ecce</span> <span class='ocrx_word' id='word_1_178' title='bbox 577 1377 741 1420; x_wconf 79' lang='lat' dir='ltr'>Christiani</span> <span class='ocrx_word' id='word_1_179' title='bbox 761 1389 813 1409; x_wconf 85' lang='lat' dir='ltr'>vos</span> <span class='ocrx_word' id='word_1_180' title='bbox 835 1388 932 1409; x_wconf 86' lang='lat' dir='ltr'>omnes</span> <span class='ocrx_word' id='word_1_181' title='bbox 955 1376 1110 1409; x_wconf 84' lang='lat' dir='ltr'>occident!</span> <span class='ocrx_word' id='word_1_182' title='bbox 1122 1381 1135 1403; x_wconf 93' lang='lat'><em>7</em></span> <span class='ocrx_word' id='word_1_183' title='bbox 1156 1373 1190 1408; x_wconf 80' lang='lat' dir='ltr'>Et</span> <span class='ocrx_word' id='word_1_184' title='bbox 1214 1375 1259 1409; x_wconf 89' lang='lat' dir='ltr'>ita</span> 
     </span>
     <span class='ocr_line' id='line_1_26' title="bbox 235 1426 1259 1476; baseline -0.001 -13"><span class='ocrx_word' id='word_1_185' title='bbox 235 1429 399 1464; x_wconf 85' lang='lat' dir='ltr'>Sarraceni</span> <span class='ocrx_word' id='word_1_186' title='bbox 425 1428 538 1476; x_wconf 88' lang='lat' dir='ltr'>fugam</span> <span class='ocrx_word' id='word_1_187' title='bbox 562 1440 727 1475; x_wconf 88' lang='lat' dir='ltr'>ceperunt,</span> <span class='ocrx_word' id='word_1_188' title='bbox 752 1429 786 1462; x_wconf 68' lang='grc' dir='ltr'>ὅ(</span> <span class='ocrx_word' id='word_1_189' title='bbox 803 1426 844 1462; x_wconf 86' lang='lat' dir='ltr'>fic</span> <span class='ocrx_word' id='word_1_190' title='bbox 861 1439 953 1475; x_wconf 85' lang='lat' dir='ltr'>pater</span> <span class='ocrx_word' id='word_1_191' title='bbox 969 1440 1038 1462; x_wconf 91' lang='lat' dir='ltr'>non</span> <span class='ocrx_word' id='word_1_192' title='bbox 1055 1426 1259 1474; x_wconf 60' lang='lat' dir='ltr'>exspefiabat</span> 
     </span>
     <span class='ocr_line' id='line_1_27' title="bbox 235 1479 1259 1528; baseline 0 -13"><span class='ocrx_word' id='word_1_193' title='bbox 235 1481 338 1516; x_wconf 83' lang='lat' dir='ltr'>filium</span> <span class='ocrx_word' id='word_1_194' title='bbox 362 1482 396 1515; x_wconf 94' lang='lat'>&amp;</span> <span class='ocrx_word' id='word_1_195' title='bbox 414 1481 540 1528; x_wconf 90' lang='lat' dir='ltr'>semper</span> <span class='ocrx_word' id='word_1_196' title='bbox 563 1480 623 1515; x_wconf 93' lang='lat' dir='ltr'>hec</span> <span class='ocrx_word' id='word_1_197' title='bbox 647 1494 713 1516; x_wconf 86' lang='lat' dir='ltr'>vox</span> <span class='ocrx_word' id='word_1_198' title='bbox 731 1479 890 1515; x_wconf 89' lang='lat' dir='ltr'>dicendo:</span> <span class='ocrx_word' id='word_1_199' title='bbox 918 1483 1022 1527; x_wconf 80' lang='lat' dir='ltr'>Qare</span> <span class='ocrx_word' id='word_1_200' title='bbox 1044 1494 1101 1515; x_wconf 86' lang='lat' dir='ltr'>non</span> <span class='ocrx_word' id='word_1_201' title='bbox 1114 1483 1259 1527; x_wconf 81' lang='lat' dir='ltr'>fugitis?</span> 
     </span>
     <span class='ocr_line' id='line_1_28' title="bbox 235 1532 1259 1580; baseline 0 -12"><span class='ocrx_word' id='word_1_202' title='bbox 235 1537 310 1568; x_wconf 84' lang='lat' dir='ltr'>Ecce</span> <span class='ocrx_word' id='word_1_203' title='bbox 328 1537 492 1579; x_wconf 66' lang='lat' dir='ltr'>Christiani</span> <span class='ocrx_word' id='word_1_204' title='bbox 497 1535 649 1580; x_wconf 83' lang='lat' dir='ltr'>sequendo</span> <span class='ocrx_word' id='word_1_205' title='bbox 664 1536 797 1568; x_wconf 81' lang='lat' dir='ltr'>occident</span> <span class='ocrx_word' id='word_1_206' title='bbox 810 1537 879 1568; x_wconf 83' lang='lat' dir='ltr'>vos!</span> <span class='ocrx_word' id='word_1_207' title='bbox 897 1533 931 1568; x_wconf 83' lang='lat' dir='ltr'>Et</span> <span class='ocrx_word' id='word_1_208' title='bbox 948 1533 1053 1568; x_wconf 89' lang='lat' dir='ltr'>nullus</span> <span class='ocrx_word' id='word_1_209' title='bbox 1067 1532 1259 1580; x_wconf 88' lang='lat' dir='ltr'>sequebatur</span> 
     </span>
     <span class='ocr_line' id='line_1_29' title="bbox 237 1585 1259 1634; baseline -0.002 -12"><span class='ocrx_word' id='word_1_210' title='bbox 237 1600 305 1630; x_wconf 88' lang='lat' dir='ltr'>eos,</span> <span class='ocrx_word' id='word_1_211' title='bbox 329 1588 364 1621; x_wconf 89' lang='lat'>&amp;</span> <span class='ocrx_word' id='word_1_212' title='bbox 380 1587 440 1621; x_wconf 88' lang='lat' dir='ltr'>hec</span> <span class='ocrx_word' id='word_1_213' title='bbox 458 1599 523 1621; x_wconf 88' lang='lat' dir='ltr'>vox</span> <span class='ocrx_word' id='word_1_214' title='bbox 542 1588 577 1621; x_wconf 91' lang='lat'>&amp;</span> <span class='ocrx_word' id='word_1_215' title='bbox 594 1585 757 1621; x_wconf 87' lang='lat' dir='ltr'>tribulatio</span> <span class='ocrx_word' id='word_1_216' title='bbox 775 1599 833 1634; x_wconf 91' lang='lat' dir='ltr'>per</span> <span class='ocrx_word' id='word_1_217' title='bbox 859 1599 921 1621; x_wconf 90' lang='lat' dir='ltr'>tres</span> <span class='ocrx_word' id='word_1_218' title='bbox 939 1585 1006 1621; x_wconf 85' lang='lat' dir='ltr'>dies</span> <span class='ocrx_word' id='word_1_219' title='bbox 1024 1585 1150 1621; x_wconf 91' lang='lat' dir='ltr'>duravit</span> <span class='ocrx_word' id='word_1_220' title='bbox 1166 1587 1259 1633; x_wconf 91' lang='lat' dir='ltr'>super</span> 
     </span>
     <span class='ocr_line' id='line_1_30' title="bbox 235 1638 1258 1684; baseline -0.002 -8"><span class='ocrx_word' id='word_1_221' title='bbox 235 1641 437 1676; x_wconf 84' lang='lat' dir='ltr'>Sarracenos.</span> <span class='ocrx_word' id='word_1_222' title='bbox 456 1641 551 1674; x_wconf 92' lang='lat' dir='ltr'>Tunc</span> <span class='ocrx_word' id='word_1_223' title='bbox 564 1639 737 1674; x_wconf 89' lang='lat' dir='ltr'>Christiani</span> <span class='ocrx_word' id='word_1_224' title='bbox 755 1638 850 1674; x_wconf 84' lang='lat' dir='ltr'>valde</span> <span class='ocrx_word' id='word_1_225' title='bbox 866 1640 1041 1674; x_wconf 89' lang='lat' dir='ltr'>timuerunt</span> <span class='ocrx_word' id='word_1_226' title='bbox 1060 1638 1102 1674; x_wconf 93' lang='lat' dir='ltr'>de</span> <span class='ocrx_word' id='word_1_227' title='bbox 1117 1652 1258 1684; x_wconf 87' lang='lat' dir='ltr'>rumore,</span> 
     </span>
    </p>
   </div>
   <div class='ocr_carea' id='block_1_8' title="bbox 235 1770 1259 2158">
    <p class='ocr_par' dir='ltr' id='par_1_9' title="bbox 235 1770 1259 2158">
     <span class='ocr_line' id='line_1_31' title="bbox 274 1770 1258 1802; baseline 0 -6"><span class='ocrx_word' id='word_1_228' title='bbox 274 1781 283 1796; x_wconf 86' lang='grc' dir='ltr'><strong>ι</strong></span> <span class='ocrx_word' id='word_1_229' title='bbox 303 1772 330 1797; x_wconf 86' lang='lat' dir='ltr'>P.</span> <span class='ocrx_word' id='word_1_230' title='bbox 345 1771 407 1797; x_wconf 78' lang='lat' dir='ltr'>albis</span> <span class='ocrx_word' id='word_1_231' title='bbox 420 1770 507 1796; x_wconf 81' lang='lat' dir='ltr'>armis.</span> <span class='ocrx_word' id='word_1_232' title='bbox 525 1786 558 1789; x_wconf 84' lang='lat'>—</span> <span class='ocrx_word' id='word_1_233' title='bbox 576 1781 590 1796; x_wconf 90' lang='lat'>2</span> <span class='ocrx_word' id='word_1_234' title='bbox 604 1771 629 1796; x_wconf 81' lang='lat' dir='ltr'>P.</span> <span class='ocrx_word' id='word_1_235' title='bbox 643 1770 792 1796; x_wconf 80' lang='lat' dir='ltr'>velociffimo</span> <span class='ocrx_word' id='word_1_236' title='bbox 805 1771 883 1796; x_wconf 80' lang='lat' dir='ltr'>cursu.</span> <span class='ocrx_word' id='word_1_237' title='bbox 898 1785 929 1789; x_wconf 92' lang='lat'>—</span> <span class='ocrx_word' id='word_1_238' title='bbox 946 1779 958 1802; x_wconf 86' lang='lat'>3</span> <span class='ocrx_word' id='word_1_239' title='bbox 974 1771 998 1795; x_wconf 88' lang='lat' dir='ltr'>P.</span> <span class='ocrx_word' id='word_1_240' title='bbox 1012 1771 1074 1795; x_wconf 89' lang='lat' dir='ltr'>add.</span> <span class='ocrx_word' id='word_1_241' title='bbox 1091 1785 1125 1788; x_wconf 89' lang='lat'>—</span> <span class='ocrx_word' id='word_1_242' title='bbox 1137 1780 1155 1802; x_wconf 90' lang='lat'>4</span> <span class='ocrx_word' id='word_1_243' title='bbox 1169 1771 1205 1796; x_wconf 90' lang='lat' dir='ltr'>M.</span> <span class='ocrx_word' id='word_1_244' title='bbox 1222 1779 1258 1796; x_wconf 88' lang='lat' dir='ltr'>re-</span> 
     </span>
     <span class='ocr_line' id='line_1_32' title="bbox 237 1809 1258 1844; baseline -0.001 -8"><span class='ocrx_word' id='word_1_245' title='bbox 237 1811 383 1837; x_wconf 80' lang='lat' dir='ltr'>manserunt.</span> <span class='ocrx_word' id='word_1_246' title='bbox 399 1826 431 1830; x_wconf 88' lang='lat'>--</span> <span class='ocrx_word' id='word_1_247' title='bbox 447 1820 458 1843; x_wconf 81' lang='grc' dir='ltr'><em>ς</em></span> <span class='ocrx_word' id='word_1_248' title='bbox 474 1812 512 1836; x_wconf 94' lang='grc' dir='ltr'>Μ.</span> <span class='ocrx_word' id='word_1_249' title='bbox 535 1811 672 1836; x_wconf 78' lang='lat' dir='ltr'>credentes.</span> <span class='ocrx_word' id='word_1_250' title='bbox 688 1825 723 1830; x_wconf 90' lang='lat'>—-</span> <span class='ocrx_word' id='word_1_251' title='bbox 735 1813 750 1836; x_wconf 92' lang='lat'>6</span> <span class='ocrx_word' id='word_1_252' title='bbox 767 1812 806 1836; x_wconf 90' lang='lat' dir='ltr'>M.</span> <span class='ocrx_word' id='word_1_253' title='bbox 821 1810 902 1835; x_wconf 86' lang='lat' dir='ltr'>morti.</span> <span class='ocrx_word' id='word_1_254' title='bbox 926 1809 996 1836; x_wconf 74' lang='lat' dir='ltr'>Totus</span> <span class='ocrx_word' id='word_1_255' title='bbox 1014 1810 1096 1843; x_wconf 78' lang='lat' dir='ltr'><em>pqffus</em></span> <span class='ocrx_word' id='word_1_256' title='bbox 1107 1810 1211 1844; x_wconf 80' lang='lat' dir='ltr'>sequens</span> <span class='ocrx_word' id='word_1_257' title='bbox 1225 1811 1258 1835; x_wconf 85' lang='lat' dir='ltr'>ab</span> 
     </span>
     <span class='ocr_line' id='line_1_33' title="bbox 235 1849 1258 1886; baseline -0.003 -9"><span class='ocrx_word' id='word_1_258' title='bbox 235 1851 350 1886; x_wconf 69' lang='lat' dir='ltr'>apparuit</span> <span class='ocrx_word' id='word_1_259' title='bbox 359 1851 433 1885; x_wconf 83' lang='lat' dir='ltr'>usque</span> <span class='ocrx_word' id='word_1_260' title='bbox 444 1850 478 1875; x_wconf 87' lang='lat' dir='ltr'>ibi</span> <span class='ocrx_word' id='word_1_261' title='bbox 488 1850 528 1875; x_wconf 69' lang='lat' dir='ltr'>nis»</span> <span class='ocrx_word' id='word_1_262' title='bbox 540 1850 651 1875; x_wconf 79' lang='lat' dir='ltr'>sabulum</span> <span class='ocrx_word' id='word_1_263' title='bbox 664 1850 726 1883; x_wconf 81' lang='lat' dir='ltr'>deest</span> <span class='ocrx_word' id='word_1_264' title='bbox 734 1850 759 1875; x_wconf 87' lang='lat' dir='ltr'>in</span> <span class='ocrx_word' id='word_1_265' title='bbox 770 1851 805 1880; x_wconf 64' lang='lat' dir='ltr'>P„</span> <span class='ocrx_word' id='word_1_266' title='bbox 820 1850 912 1884; x_wconf 81' lang='lat' dir='ltr'>quifol.</span> <span class='ocrx_word' id='word_1_267' title='bbox 932 1861 939 1875; x_wconf 91' lang='grc' dir='ltr'>ι</span> <span class='ocrx_word' id='word_1_268' title='bbox 950 1860 980 1876; x_wconf 81' lang='lat'>10</span> <span class='ocrx_word' id='word_1_269' title='bbox 990 1851 1014 1876; x_wconf 95' lang='lat' dir='ltr'>D</span> <span class='ocrx_word' id='word_1_270' title='bbox 1027 1851 1052 1876; x_wconf 87' lang='lat' dir='ltr'>in</span> <span class='ocrx_word' id='word_1_271' title='bbox 1064 1850 1114 1876; x_wconf 77' lang='lat' dir='ltr'>eius</span> <span class='ocrx_word' id='word_1_272' title='bbox 1128 1849 1174 1876; x_wconf 87' lang='lat' dir='ltr'><em>loco</em></span> <span class='ocrx_word' id='word_1_273' title='bbox 1186 1849 1258 1883; x_wconf 78' lang='lat' dir='ltr'>legit:</span> 
     </span>
     <span class='ocr_line' id='line_1_34' title="bbox 238 1889 1259 1924; baseline -0.001 -8"><span class='ocrx_word' id='word_1_274' title='bbox 238 1892 277 1916; x_wconf 81' lang='lat' dir='ltr'>Ea</span> <span class='ocrx_word' id='word_1_275' title='bbox 290 1899 349 1916; x_wconf 85' lang='lat' dir='ltr'>vero</span> <span class='ocrx_word' id='word_1_276' title='bbox 364 1891 404 1917; x_wconf 83' lang='lat' dir='ltr'>die</span> <span class='ocrx_word' id='word_1_277' title='bbox 416 1899 503 1916; x_wconf 81' lang='lat' dir='ltr'>omnes</span> <span class='ocrx_word' id='word_1_278' title='bbox 516 1890 646 1916; x_wconf 77' lang='lat' dir='ltr'>Chriffiani</span> <span class='ocrx_word' id='word_1_279' title='bbox 658 1890 805 1916; x_wconf 68' lang='lat' dir='ltr'>transierunt</span> <span class='ocrx_word' id='word_1_280' title='bbox 820 1890 912 1916; x_wconf 90' lang='lat' dir='ltr'>flumen</span> <span class='ocrx_word' id='word_1_281' title='bbox 928 1890 1022 1924; x_wconf 74' lang='lat' dir='ltr'>ingenti</span> <span class='ocrx_word' id='word_1_282' title='bbox 1035 1890 1129 1924; x_wconf 83' lang='lat' dir='ltr'>gaudio</span> <span class='ocrx_word' id='word_1_283' title='bbox 1142 1891 1165 1915; x_wconf 86' lang='lat'>&amp;</span> <span class='ocrx_word' id='word_1_284' title='bbox 1180 1889 1259 1915; x_wconf 82' lang='lat' dir='ltr'>letitia</span> 
     </span>
     <span class='ocr_line' id='line_1_35' title="bbox 236 1929 1257 1962; baseline -0.001 -6"><span class='ocrx_word' id='word_1_285' title='bbox 236 1930 366 1956; x_wconf 81' lang='lat' dir='ltr'>laudantes</span> <span class='ocrx_word' id='word_1_286' title='bbox 379 1931 402 1956; x_wconf 72' lang='grc' dir='ltr'>δι</span> <span class='ocrx_word' id='word_1_287' title='bbox 416 1931 590 1956; x_wconf 77' lang='lat' dir='ltr'>benedicentes</span> <span class='ocrx_word' id='word_1_288' title='bbox 603 1930 756 1962; x_wconf 75' lang='lat' dir='ltr'>Dominum3</span> <span class='ocrx_word' id='word_1_289' title='bbox 771 1930 886 1956; x_wconf 81' lang='lat' dir='ltr'>omnibus</span> <span class='ocrx_word' id='word_1_290' title='bbox 897 1930 942 1955; x_wconf 79' lang='lat' dir='ltr'>fuit</span> <span class='ocrx_word' id='word_1_291' title='bbox 955 1936 1043 1955; x_wconf 77' lang='lat' dir='ltr'>notum</span> <span class='ocrx_word' id='word_1_292' title='bbox 1056 1931 1079 1955; x_wconf 73' lang='grc' dir='ltr'>δι</span> <span class='ocrx_word' id='word_1_293' title='bbox 1094 1929 1257 1955; x_wconf 84' lang='lat' dir='ltr'>manifestum.</span> 
     </span>
     <span class='ocr_line' id='line_1_36' title="bbox 237 1969 1259 2004; baseline -0.001 -8"><span class='ocrx_word' id='word_1_294' title='bbox 237 1971 277 1996; x_wconf 77' lang='lat' dir='ltr'>Ea</span> <span class='ocrx_word' id='word_1_295' title='bbox 289 1977 372 1996; x_wconf 76' lang='lat' dir='ltr'>autem</span> <span class='ocrx_word' id='word_1_296' title='bbox 386 1971 427 1996; x_wconf 87' lang='lat' dir='ltr'>die</span> <span class='ocrx_word' id='word_1_297' title='bbox 441 1970 570 1996; x_wconf 78' lang='lat' dir='ltr'>Christiani</span> <span class='ocrx_word' id='word_1_298' title='bbox 588 1979 644 1996; x_wconf 92' lang='lat' dir='ltr'>cum</span> <span class='ocrx_word' id='word_1_299' title='bbox 659 1969 769 2004; x_wconf 80' lang='lat' dir='ltr'>Paganis</span> <span class='ocrx_word' id='word_1_300' title='bbox 781 1971 805 1995; x_wconf 70' lang='grc' dir='ltr'>δι</span> <span class='ocrx_word' id='word_1_301' title='bbox 821 1971 959 1996; x_wconf 77' lang='lat' dir='ltr'>Sarracenis</span> <span class='ocrx_word' id='word_1_302' title='bbox 972 1970 1114 2004; x_wconf 83' lang='lat' dir='ltr'>nequiffime</span> <span class='ocrx_word' id='word_1_303' title='bbox 1126 1971 1259 2004; x_wconf 84' lang='lat' dir='ltr'>preliarunt</span> 
     </span>
     <span class='ocr_line' id='line_1_37' title="bbox 238 2009 1258 2044; baseline 0 -9"><span class='ocrx_word' id='word_1_304' title='bbox 238 2010 262 2035; x_wconf 74' lang='grc' dir='ltr'>δι</span> <span class='ocrx_word' id='word_1_305' title='bbox 274 2009 359 2044; x_wconf 80' lang='lat' dir='ltr'>fugam</span> <span class='ocrx_word' id='word_1_306' title='bbox 373 2016 484 2044; x_wconf 83' lang='lat' dir='ltr'>petentes</span> <span class='ocrx_word' id='word_1_307' title='bbox 498 2018 539 2035; x_wconf 82' lang='lat' dir='ltr'>eos</span> <span class='ocrx_word' id='word_1_308' title='bbox 554 2010 630 2043; x_wconf 85' lang='lat' dir='ltr'>usque</span> <span class='ocrx_word' id='word_1_309' title='bbox 643 2009 677 2034; x_wconf 85' lang='lat' dir='ltr'>ad</span> <span class='ocrx_word' id='word_1_310' title='bbox 686 2009 793 2035; x_wconf 75' lang='lat' dir='ltr'>civitatis</span> <span class='ocrx_word' id='word_1_311' title='bbox 804 2016 885 2043; x_wconf 73' lang='lat' dir='ltr'>partes</span> <span class='ocrx_word' id='word_1_312' title='bbox 896 2010 1015 2044; x_wconf 83' lang='lat' dir='ltr'>persecuti</span> <span class='ocrx_word' id='word_1_313' title='bbox 1029 2010 1134 2035; x_wconf 72' lang='lat' dir='ltr'>fiierunt.</span> <span class='ocrx_word' id='word_1_314' title='bbox 1152 2011 1186 2036; x_wconf 82' lang='lat' dir='ltr'>Et</span> <span class='ocrx_word' id='word_1_315' title='bbox 1199 2016 1258 2035; x_wconf 85' lang='lat' dir='ltr'>tunc</span> 
     </span>
     <span class='ocr_line' id='line_1_38' title="bbox 237 2049 1258 2084; baseline 0 -9"><span class='ocrx_word' id='word_1_316' title='bbox 237 2049 367 2075; x_wconf 73' lang='lat' dir='ltr'>Christiani</span> <span class='ocrx_word' id='word_1_317' title='bbox 380 2050 499 2076; x_wconf 77' lang='lat' dir='ltr'>Damiate</span> <span class='ocrx_word' id='word_1_318' title='bbox 516 2050 641 2075; x_wconf 75' lang='lat' dir='ltr'>civitatem</span> <span class='ocrx_word' id='word_1_319' title='bbox 663 2049 772 2083; x_wconf 84' lang='lat' dir='ltr'>undique</span> <span class='ocrx_word' id='word_1_320' title='bbox 793 2049 946 2082; x_wconf 71' lang='lat' dir='ltr'>obsiderunt,</span> <span class='ocrx_word' id='word_1_321' title='bbox 967 2050 1001 2075; x_wconf 80' lang='lat' dir='ltr'>ita</span> <span class='ocrx_word' id='word_1_322' title='bbox 1014 2050 1082 2084; x_wconf 89' lang='lat' dir='ltr'>quod</span> <span class='ocrx_word' id='word_1_323' title='bbox 1098 2049 1177 2075; x_wconf 82' lang='lat' dir='ltr'>nullus</span> <span class='ocrx_word' id='word_1_324' title='bbox 1190 2050 1214 2075; x_wconf 86' lang='lat' dir='ltr'>in</span> <span class='ocrx_word' id='word_1_325' title='bbox 1229 2059 1258 2075; x_wconf 83' lang='lat' dir='ltr'>ea</span> 
     </span>
     <span class='ocr_line' id='line_1_39' title="bbox 237 2088 1255 2127; baseline 0.003 -13"><span class='ocrx_word' id='word_1_326' title='bbox 237 2088 337 2115; x_wconf 77' lang='lat' dir='ltr'>civitate</span> <span class='ocrx_word' id='word_1_327' title='bbox 352 2095 449 2123; x_wconf 82' lang='lat' dir='ltr'>poterat</span> <span class='ocrx_word' id='word_1_328' title='bbox 464 2090 554 2116; x_wconf 81' lang='lat' dir='ltr'>intrare</span> <span class='ocrx_word' id='word_1_329' title='bbox 566 2098 612 2115; x_wconf 90' lang='lat' dir='ltr'>nec</span> <span class='ocrx_word' id='word_1_330' title='bbox 625 2088 691 2115; x_wconf 85' lang='lat' dir='ltr'>exire</span> <span class='ocrx_word' id='word_1_331' title='bbox 704 2088 746 2115; x_wconf 81' lang='lat' dir='ltr'>nifi</span> <span class='ocrx_word' id='word_1_332' title='bbox 759 2098 802 2127; x_wconf 83' lang='lat' dir='ltr'>per</span> <span class='ocrx_word' id='word_1_333' title='bbox 817 2089 1011 2116; x_wconf 77' lang='lat' dir='ltr'>Christianorum</span> <span class='ocrx_word' id='word_1_334' title='bbox 1026 2098 1122 2116; x_wconf 71' lang='lat' dir='ltr'>manus.</span> <span class='ocrx_word' id='word_1_335' title='bbox 1140 2104 1171 2108; x_wconf 90' lang='lat'>—</span> <span class='ocrx_word' id='word_1_336' title='bbox 1186 2099 1199 2122; x_wconf 93' lang='lat'>7</span> <span class='ocrx_word' id='word_1_337' title='bbox 1216 2090 1255 2117; x_wconf 85' lang='lat' dir='ltr'>M.</span> 
     </span>
     <span class='ocr_line' id='line_1_40' title="bbox 238 2129 385 2158; baseline 0 0"><span class='ocrx_word' id='word_1_338' title='bbox 238 2129 385 2158; x_wconf 78' lang='lat' dir='ltr'>occidendo.</span> 
     </span>
    </p>
   </div>
  </div>
 </body>
</html>
