1624 2788
406 216 457 242 DE
475 217 651 244 IOHANNI-2
668 218 770 245 REGE
785 219 1010 247 IERUSALEM.
1162 221 1228 262 137

200 338 288 361 natus
301 327 369 371 fui,
397 327 464 361 dies
489 327 549 362 illa
570 327 601 361 ὃ·
627 331 681 374 zsta
703 342 762 364 non
780 342 962 375 computetur
987 334 1018 365 in
1035 332 1139 365 diebus
1156 335 1228 366 anni
1243 347 1301 370 1219

202 378 288 424 (lob,
309 389 363 424 111,
385 380 471 428 3-6),
489 383 560 426 quia
578 395 718 428 magnam
736 384 943 429 obscuritatem
961 385 1070 419 obtulit
1089 387 1228 431 Paganis

201 433 409 480 &sanguinis
430 435 617 480 effufionem!
641 435 756 470 Nullus
776 435 919 471 audebat
942 450 1019 471 eum
1035 437 1169 484 alloqui,
1194 439 1228 473 δε

201 498 359 522 venerunt
373 486 485 522 fratres
498 486 635 533 soldani,
648 488 834 524 Coradinus
846 490 880 524 &
893 489 1015 533 Phares,
1032 503 1107 526 cum
1120 492 1228 527 multis

200 540 390 575 ammirariis
407 542 442 576 δε
459 539 608 576 dixerunt
629 543 675 577 ei:
705 545 847 586 Domine,
877 547 1024 579 ‘Damiata
1042 546 1172 580 allevata
1190 550 1229 592 est

200 609 218 628 α
235 596 331 637 nobis,
350 596 382 630 ἃ
389 597 536 643 superbia
555 600 652 642 nqstra
665 611 723 631 non
737 601 832 643 potest
840 598 914 643 plus
930 611 1057 644 regnare
1069 601 1227 645 nobiscum,

199 648 308 682 melius
323 651 364 693 est
378 650 475 692 nobis,
493 653 608 684 munire
622 651 845 685 alexandriam
863 651 893 684 δ’
915 653 1120 695 Ἐαὸὶἰοηίαηι,
1140 667 1226 699 quam

1 725 10 742 ⁴
189 703 274 746 flare
299 704 350 736 hic
375 702 407 736 fr
427 704 534 747 'videre
557 705 748 746 Damiatam,
778 705 994 750 desolacionem
1021 709 1168 751 nostram!
1194 706 1228 740 Et

197 753 254 802 ipsi
273 766 335 790 tres
351 767 551 790 reverterunt
565 755 608 790 ad
627 755 772 803 hospicia
788 757 823 791 ὅ(
842 770 880 791 ea
898 770 1041 793 cremare
1061 771 1226 806 ceperunt,

197 809 233 842 ἃ
248 820 366 843 omnes
386 808 515 854 casales,
540 809 596 855 qui
612 821 703 844 erant
722 822 826 857 prope
848 811 1048 856 Damiatam,
1069 813 1225 860 exspolia-

196 874 323 907 verunt,
339 863 374 897 δε
390 863 424 897 in
442 863 555 909 quinta
569 861 622 897 die
637 863 711 914 post
727 864 922 911 capcionem
939 865 1092 900 Damiate
1109 866 1226 915 Pagani
1240 877 1298 899 Nov.
1312 884 1346 899 ιο.

197 916 352 964 fugerunt
367 928 443 951 cum
459 916 505 951 ira
522 916 585 951 Dei
602 917 865 964 &exsperserunt
879 918 910 952 se
927 930 1002 953 ante
1015 918 1225 965 Christianos,

197 971 232 1005 &
248 969 437 1004 nostri-cum
454 969 622 1017 triumpho
639 970 859 1006 remanserunt
875 971 908 1005 in
927 972 1072 1016 civitate,
1099 985 1225 1018 aurum,

198 1035 371 1071 argentum
391 1023 426 1058 δε
447 1035 642 1060 ornamenta
662 1025 697 1059 &
719 1025 918 1061 fiumentum
940 1024 1006 1060 sme
1021 1025 1086 1061 fine
1107 1029 1142 1062 &
1167 1040 1226 1062 nu-

198 1088 291 1111 mero
308 1077 512 1122 invenerunt,
539 1079 573 1113 &
593 1090 699 1114 totum
717 1079 776 1113 fuit
794 1078 836 1114 de
852 1092 1041 1124 commune,
1069 1081 1103 1115 &
1120 1081 1226 1129 platee

198 1141 267 1165 tote
283 1131 318 1165 &
332 1130 452 1166 domus
469 1144 560 1167 erant
575 1131 672 1179 plene
690 1131 732 1167 de
744 1131 966 1177 cadaveribus,
984 1134 1061 1180 quia
1077 1132 1122 1168 ibi
1135 1147 1228 1174 erant

194 1185 368 1232 ,odloginta
390 1184 479 1219 milia
501 1183 542 1220 de
562 1185 741 1220 Sarracenis
768 1186 915 1229 mortuis,
944 1187 978 1221 &
1000 1186 1042 1221 de
1083 1187 1140 1222 'vis
1155 1180 1226 1222 non

197 1249 289 1272 erant
311 1235 367 1272 nifi
397 1236 513 1273 decem
537 1237 635 1281 milia,
657 1239 692 1273 &
715 1238 757 1274 de
771 1239 851 1274 sanis
876 1251 945 1273 non
967 1252 1059 1275 erant
1089 1236 1141 1276 'fl
1167 1242 1226 1276 tria

198 1289 297 1335 milia,
313 1291 348 1325 &
361 1303 443 1326 unus
461 1290 560 1326 alium
579 1291 711 1339 sepelire
728 1304 797 1326 non
814 1290 953 1336 valebat,
978 1294 1012 1328 δε
1030 1305 1080 1327 tot
1097 1293 1227 1329 fuerunt

197 1342 371 1388 cadavera,
392 1342 486 1391 quod
503 1343 608 1379 nullus
625 1357 754 1392 poterat
770 1344 914 1380 sufficere
926 1344 970 1380 ad
984 1346 1225 1393 proiiciendum

197 1397 232 1431 in
249 1395 384 1441 flumen,
407 1398 441 1432 &
462 1398 663 1445 quicumque
684 1396 816 1433 volebat
833 1399 892 1433 tria
909 1411 1050 1446 corpora
1067 1401 1226 1447 proiicere

197 1450 231 1484 in
249 1449 372 1485 flumen
389 1462 478 1486 extra
495 1451 671 1496 civitatem,
696 1450 833 1486 dabatur
857 1453 886 1487 ei
911 1450 1094 1496 bysantium
1112 1466 1226 1499 unum,

197 1503 233 1537 &
249 1516 268 1538 a
286 1502 338 1538 die
356 1504 464 1539 Santsti
492 1503 655 1547 iohannis,
684 1516 760 1539 cum
776 1505 866 1539 Deus
883 1505 1024 1540 nostram
1042 1505 1225 1553 superbiam

198 1555 376 1604 castigavit,
400 1555 442 1591 ab
460 1555 514 1591 illa
538 1555 591 1591 die
606 1569 763 1604 ceperunt
779 1558 876 1602 mori,
899 1556 975 1592 ideo
1002 1558 1077 1605 quia
1099 1558 1225 1607 {ignum

198 1609 315 1644 Sandie
331 1609 447 1644 Crucis
470 1620 546 1644 ante
564 1622 626 1644 nos
645 1608 819 1655 faciebant,
847 1611 882 1645 &
897 1609 1088 1658 lapidabant
1105 1613 1139 1647 &
1156 1626 1225 1649 ver-

197 1660 355 1697 berabant
367 1662 402 1697 &
421 1662 498 1710 igne
511 1661 709 1698 cremabant.
729 1662 826 1699 Unde
843 1663 987 1699 Christus
1000 1663 1084 1700 bene
1099 1666 1226 1714 accepit

198 1713 378 1750 vindiaam
404 1713 445 1750 de
470 1715 528 1750 suo
547 1715 660 1750 sanilo
684 1715 788 1764 figno‚
813 1715 905 1763 quod
929 1716 1035 1752 nullus
1060 1730 1099 1752 ex
1122 1718 1183 1753 illis
1206 1732 1225 1754 a

199 1768 316 1803 canina
331 1779 438 1803 morte
457 1768 567 1803 evasus
584 1769 638 1804 est.
664 1768 760 1805 Unde
774 1782 834 1804 vos
852 1768 1036 1815 Christiani,
1054 1772 1111 1817 qui
1129 1771 1224 1806 histo-

47 1822 50 1829 '
95 1831 113 1856 f.
124 1832 152 1863 ³⁶
163 1831 186 1855 b.
198 1822 280 1856 riam
296 1819 413 1856 auditis
427 1821 589 1866 Dmniaae,
602 1821 766 1856 Christum
780 1820 870 1857 flexis
882 1821 1019 1870 genibus
1032 1822 1178 1868 adorate,
1191 1825 1225 1859 &

198 1872 324 1909 bonam
339 1873 442 1909 fidem
457 1885 556 1920 atque
573 1887 689 1922 puram
706 1875 739 1909 in
757 1874 863 1922 ipsum
881 1873 1008 1919 habete,
1027 1876 1082 1922 qui
1100 1888 1224 1911 tantam

198 1927 370 1962 vicioriam
387 1926 478 1962 dedit
491 1927 680 1962 Christianis
694 1927 727 1962 in
746 1926 804 1962 hiis
817 1923 1030 1975 temporibu8‚
1048 1928 1139 1975 quod
1158 1930 1223 1964 Da—

198 1981 309 2023 miata‚
328 1992 404 2014 cum
417 1979 512 2015 fuerit
525 1979 650 2015 obsessa
664 1993 683 2015 a
696 1979 894 2024 Christianis,
912 1981 946 2015 ὅ(
963 1980 1042 2016 nihil
1054 1982 1083 2016 ei
1100 1994 1224 2017 nocue-

197 2044 282 2078 runt,
300 2032 355 2068 sed
369 2032 474 2068 modo
495 2033 558 2068 Dei
571 2034 681 2081 gracia
701 2031 764 2068 fine
779 2033 939 2082 sanguinis
956 2032 1111 2069 effufione
1129 2047 1223 2084 capta

1070 2090 1100 2114 ιε
