1624 2788
453 234 759 261 eRuemERoRUM
784 233 1067 259 RHENANORUM.
1222 233 1268 271 43

247 344 406 380 damnum
430 343 612 387 inferentes,
639 356 698 391 per
727 342 896 392 expeditos
925 343 1048 390 equites
1077 342 1202 378 nostros
1229 342 1272 377 ad
1314 349 1373 373 12¹8

246 410 396 446 pontem,
422 409 521 444 quem
545 397 660 444 procul
681 411 701 432 a
718 396 813 432 nobis
834 398 867 431 in
888 397 1007 432 saniori
1024 408 1114 445 parte
1131 395 1272 430 fluminis

247 451 498 495 construxerant,
523 450 595 485 sunt
615 450 754 498 refugati
775 452 810 485 &
824 451 868 486 ad
886 451 1142 499 quingentorum
1159 462 1272 484 nume·

247 518 319 539 rum
335 503 458 539 ibidem
469 503 629 539 interfec'li
641 504 725 538 sunt.
746 503 781 538 Et
796 505 871 552 quia
886 504 1045 538 christiani
1062 503 1178 551 populi
1191 503 1273 537 mul-

247 557 353 592 titudo
367 558 441 592 Deo
459 557 588 605 placere
604 555 814 604 probabatur,
833 556 1019 591 huiusmodi
1033 564 1042 579 ¹
1056 556 1188 605 flagello
1206 569 1273 590 me-

247 613 311 646 ruit
339 611 493 659 castigari.
533 613 567 645 ln
592 610 703 658 vigilia
726 611 834 645 Sanffl
851 610 981 645 Andree
1000 610 1150 658 Apostoli
1174 612 1270 644 nod'te
1287 623 1396 652 Nov.29.

247 664 355 700 media
382 662 497 699 fluetus
522 664 743 698 intumuerunt
772 664 899 708 marini,
933 664 1079 698 excursus
1106 663 1206 709 usque
1231 661 1274 696 ad

248 717 348 752 castra
364 715 510 752 fidelium
526 715 705 752 terribiliter
723 717 876 751 facientes
891 718 925 751 &
939 717 1065 764 semper
1086 716 1273 760 crescentes,

248 770 290 806 ab
318 770 381 805 alia
404 783 482 806 vero
510 782 602 817 parte
627 769 743 805 fluvius
766 771 927 805 inundans
946 770 1122 817 occupavit
1151 770 1274 817 impro-

247 824 346 869 visos3
363 822 520 859 natabant
544 825 693 869 tentoria,
716 824 840 872 periere
858 822 986 867 cibaria,
1014 824 1114 871 pisces
1133 821 1274 857 fluviales

248 879 283 912 &
296 878 422 922 marini,
442 876 529 924 quasi
541 884 555 899 ²
566 877 646 912 nihil
669 878 829 921 timentes,
848 878 878 912 se
896 876 1052 912 cubiculis
1072 875 1275 925 ingerebant,

249 943 332 978 quos
348 931 462 965 nostris
481 930 630 965 manibus
648 929 883 978 prendidimus.
903 930 936 965 Et
953 929 1008 965 nifi
1027 930 1146 977 pietate
1164 928 1274 964 ineffa-

248 983 304 1018 bili
325 984 385 1019 suis
403 984 565 1019 Dominus
583 982 784 1031 peperciffet,
801 985 835 1018 in
854 983 984 1028 foffato,
1002 983 1093 1031 quod
1112 995 1222 1018 tamen
1242 983 1274 1017 in

42 1047 81 1075 νη
93 1046 234 1075 *ἵπποι
248 1037 330 1073 alios
347 1037 419 1072 usus
436 1037 559 1071 fastum
577 1037 690 1081 fuerat,
712 1050 800 1072 mare
819 1038 966 1072 iunflum
984 1036 1108 1071 flumini
1126 1037 1275 1071 homines

248 1103 325 1126 cum
337 1091 500 1134 iumentis,
517 1103 614 1125 naves
633 1103 710 1125 cum
726 1091 823 1125 armis
836 1092 871 1125 &
890 1089 1078 1126 vicstualibus
1096 1091 1128 1125 in
1149 1090 1275 1124 hostem

248 1142 443 1179 detraxiffet.
473 1142 578 1191 Qod
595 1155 704 1178 tamen
726 1144 929 1203 ³periculum
950 1156 1103 1190 quattuor
1127 1143 1171 1178 illi
1195 1156 1275 1191 cog-

247 1210 362 1246 gones,
382 1197 476 1244 super
491 1209 574 1243 quos
591 1195 634 1231 ad
648 1196 845 1244 capiendam
860 1197 1023 1232 civitatem
1041 1196 1190 1231 edificata
1205 1196 1276 1231 sunt

248 1249 508 1310 propugnacula,
522 1262 767 1297 nequamquam
782 1249 917 1285 evadere
929 1263 1117 1298 potuerunt,
1133 1249 1186 1284 sed
1199 1263 1276 1284 cum

249 1304 363 1352 quinta
384 1305 469 1348 navi,
492 1315 557 1350 que
579 1316 655 1338 cum
677 1304 721 1338 eis
743 1316 820 1348 erat,
842 1305 875 1339 vi
892 1317 1068 1339 ventorum
1091 1303 1275 1352 precipitati

41 1358 171 1418 &²³¹¹
181 1377 200 1392 e.
215 1376 234 1392 ι
247 1357 290 1393 ad
304 1355 506 1405 propositam
520 1358 625 1406 ripam
640 1369 715 1392 ante
729 1358 843 1392 oculos
860 1358 986 1392 nostros
1001 1358 1092 1392 lunt
1085 1371 1161 1406 igne
1175 1369 1275 1405 greco

247 1409 417 1455 combusti,
442 1411 653 1458 pepercitque
675 1412 838 1446 Dominus
864 1412 1028 1446 frisonum
1057 1413 1090 1446 &
1118 1411 1275 1446 Teutoni-

247 1476 364 1498 corum
378 1462 555 1508 laboribus,
578 1463 695 1510 quibus
717 1465 749 1498 in
773 1463 932 1511 capienda
951 1465 1081 1499 civitate
1099 1463 1275 1499 desudave-

247 1529 327 1552 rant.
345 1517 452 1552 Naves
466 1517 622 1561 onerarie‚
640 1530 704 1564 que
717 1517 749 1551 in
767 1529 864 1565 portu
890 1518 983 1552 maris
1002 1516 1137 1562 stabant,
1148 1524 1164 1546 4
1176 1518 1276 1564 ruptis

247 1582 380 1618 repente
396 1569 537 1614 funibus,
555 1571 728 1618 perierunt,
752 1569 944 1618 duravitque
956 1577 968 1600 5
981 1583 1039 1618 per
1056 1570 1199 1606 triduum
1217 1569 1276 1605 hec

247 1623 417 1671 tempestas
434 1624 639 1659 continuum.

295 1677 376 1724 Quo
392 1677 513 1724 elapso,
528 1677 700 1712 consolans
719 1677 791 1711 suos
807 1677 971 1712 Dominus
984 1678 1155 1725 imperavit
1172 1678 1276 1713 ventis

247 1732 281 1765 &
298 1730 390 1773 mari,
412 1731 447 1764 &
463 1729 588 1765 reddita
606 1730 649 1765 est
666 1730 824 1766 serenitas.
845 1729 956 1765 {nvafit
974 1731 1079 1765 eciam
1097 1731 1216 1766 multos
1235 1731 1276 1766 de

247 1783 387 1818 exercitu
404 1783 498 1830 pestis
516 1783 659 1830 quedam
676 1784 794 1831 gravis,
816 1796 930 1819 contra
947 1798 1048 1831 quam
1066 1783 1188 1832 physici
1207 1783 1275 1819 nul-

247 1836 316 1871 lum
337 1848 490 1883 poterant
502 1837 646 1872 invenire
655 1837 855 1882 remedium3
869 1837 965 1872 dolor
979 1839 1163 1886 repentinus
1178 1837 1276 1886 pedes

249 1888 361 1925 invasit
382 1890 417 1924 &
434 1890 596 1925 vinsturas
619 1891 771 1934 crurium,
792 1903 868 1925 caro
887 1903 1040 1939 corrupta
1058 1892 1277 1939 gingivas⁶&

251 1942 364 1978 dentes
392 1941 530 1978 obduxit
562 1943 752 1979 masticandi
779 1945 970 1992 potenciam
997 1945 1154 1988 auferens,
1187 1943 1277 1980 tibias

45 2004 238 2035 v.,f.8r⁰,e.1.
251 1995 409 2032 horribilis
434 1997 585 2046 egritudo
607 1997 750 2042 fuscavit,
776 1998 811 2032 &
835 1997 875 2032 fic
899 1997 1003 2046 longo
1028 1999 1128 2032 tradiu
1155 1997 1277 2033 doloris

290 2089 298 2105 ι
317 2081 345 2106 V.
361 2081 508 2107 humaniori.
524 2096 557 2100 -
572 2091 586 2106 2
604 2082 631 2106 V.
641 2081 691 2116 qui.
711 2097 731 2100 —
831 2091 847 2112 4
863 2081 889 2106 V.
906 2081 990 2106 stabat<
1006 2096 1038 2099 —
1055 2091 1066 2114 5
1082 2082 1107 2106 Β,
1120 2081 1227 2107 duravit.
1246 2096 1277 2101 -—

255 2129 267 2154 3
285 2121 314 2146 V.
328 2125 390 2146 tum.
797 2122 811 2146 6
828 2122 855 2147 V.
870 2121 991 2156 ginguias.
