1624 2788
797 204 1017 231 PRAEFATIO.

398 316 433 346 εἰ
450 315 541 356 quinto
559 316 601 346 die
618 316 679 357 post
696 316 799 358 festum
823 315 957 347 Omnium
979 317 1143 348 Sannorum
1169 318 1202 358 (v
1226 317 1300 357 nov.)
1328 320 1425 349 urbem

397 371 535 405 ceperunt,
546 372 555 388 ¹
573 376 657 404 quam
671 364 817 405 christiani
828 365 886 395 iam
902 366 940 396 bis
951 372 1034 397 antea
1048 365 1267 408 aggrfffuiffi
1283 367 1424 408 leguntur.

398 413 495 445 Multi
516 412 668 452 christiani,
694 420 757 444 ante
781 421 891 455 captam
917 416 1022 453 urbem,
1037 414 1187 445 exercitum
1207 415 1328 455 ignavia
1351 416 1428 447 duffii

398 462 598 503 effugerunt;2
606 462 666 505 sed
675 462 716 500 iis,
731 462 778 503 qui
790 463 995 506 remanserunt,
1016 463 1097 494 Deus
1106 464 1235 503 gratiam
1246 465 1336 508 suam
1347 472 1428 505 prae-

399 511 465 549 buit,
485 517 516 540 ut
528 511 564 541 eis
578 511 674 541 urbem
688 518 786 552 capere
799 510 905 549 liceret5
926 518 958 542 ut
971 519 1026 553 pro
1047 512 1162 542 mortuis
1176 513 1210 543 ξεῖ
1220 513 1317 557 prose
1331 510 1428 544 Derim

397 565 481 599 roget,
495 559 618 589 leHorem
633 565 728 590 auHor
743 559 870 590 admonet
884 560 891 599 ζ
897 566 944 601 pp.
959 561 1112 600 200-202).
1124 567 1136 590 3

439 607 587 649 Postquam
609 607 705 648 igitur,
720 618 782 648 quae
801 608 830 638 in
851 609 1021 649 fragmento
1046 610 1136 649 nestro
1157 616 1333 649 narrantur,
1347 617 1428 651 expo-

388 655 509 699 suimus,
525 657 649 687 breviter
670 657 808 697 explicare
829 657 902 688 nobis
915 657 1004 696 liceat,
1023 657 1070 699 etsi
1081 669 1126 688 res
1130 658 1180 700 stt,
1201 658 1326 689 mutilato
1339 665 1425 698 textu,

397 704 572 746 diffi'cillima,
586 717 605 735 a
619 716 670 746 quo
684 706 718 735 ἔθ’
732 716 783 745 quo
802 712 921 746 tempore
935 706 1085 747 corfic'ium
1099 707 1151 749 ff
1166 707 1309 738 videatur.

437 753 617 784 Narrationi
637 754 737 795 nqstrae
755 753 873 794 aliquem
879 754 1024 797 subfuiffie
1035 756 1155 796 sontem,
1176 767 1208 786 ex
1222 766 1273 795 quo
1286 756 1424 795 manarit,

397 802 498 842 negari
518 813 570 832 non
590 802 699 842 poterit,
724 802 758 832 δ’
782 802 872 842 qualis
885 803 986 843 fuerit
1002 815 1033 833 ex
1052 804 1198 843 nonnullis,
1222 815 1284 845 quae
1305 805 1430 836 notaturi

395 850 500 892 sumus,
523 850 726 891 intelligendum
751 851 803 893 eſje
822 857 963 892 putamus.
987 850 1088 894 Quum
1110 851 1180 882 enim
1205 853 1326 884 auc’toris
1344 854 1431 895 nostri

394 898 550 940 plurimum
575 898 682 940 interfit
702 910 839 937 narrare,
864 910 926 939 quae
946 899 1082 930 Iohannes
1105 911 1155 930 rex
1181 900 1290 945 eiusque
1314 902 1430 933 barones

397 948 520 978 dixerint
530 949 563 978 Εἴ
578 947 690 987 egerint,
715 947 746 977 de
761 947 848 988 legato
862 959 931 978 vero
954 949 1129 980 brevioribus
1146 950 1241 980 verbis
1255 957 1332 990 agat,
1344 950 1429 980 liben-

397 995 490 1036 nffime
505 1006 565 1025 cum
583 995 616 1025 P.
632 994 751 1036 Meyero
773 996 968 1039 consentientes,
986 1003 1127 1037 putamus,
1146 997 1225 1028 illum
1247 998 1276 1028 in
1293 999 1429 1038 praetorio

397 1043 448 1073 vel
457 1043 485 1072 in
491 1043 614 1084 familia
627 1043 699 1083 regis
707 1042 773 1085 sive
793 1044 928 1074 baronum
949 1045 1095 1088 versatum
1109 1045 1209 1087 fuiffie.
1224 1044 1295 1076 Huc
1316 1047 1430 1086 accedit,

398 1091 471 1131 quod
483 1091 653 1132 aufiorstilo
668 1090 818 1131 theologico,
826 1090 858 1133 st
867 1091 1024 1135 clausulam
1038 1093 1192 1132 (201-202)
1203 1094 1309 1133 omittis,
1321 1095 1429 1126 minime

397 1139 498 1178 utitur,
523 1150 620 1169 rerum
646 1150 714 1169 vero
738 1139 904 1169 militarium
924 1140 1032 1181 peritus
1055 1141 1108 1183 eſje
1137 1142 1260 1180 videtur,
1285 1153 1368 1183 quum
1396 1144 1428 1174 de

398 1188 590 1229 construflione
603 1188 735 1227 pontium,
749 1186 945 1218 machinarum
970 1188 1134 1220 bellicarum
1155 1190 1324 1232 disposttione
1343 1193 1377 1223 ἔθ’
1397 1192 1430 1222 de

394 1243 492 1278 pugna
506 1236 573 1265 xxix
596 1235 639 1265 die
654 1235 764 1277 august&
777 1235 908 1266 MCCX
906 1236 960 1266 IX
969 1238 1111 1279 commiff'a
1133 1239 1339 1281 accuratiffima
1354 1239 1430 1280 refe-

397 1291 456 1323 rat,
482 1285 553 1314 unde
577 1284 666 1324 colligi
694 1285 784 1326 potest,
818 1289 956 1315 amorem
991 1298 1043 1316 non
1068 1286 1162 1329 fuiſje
1196 1286 1353 1326 clericum,
1375 1288 1433 1332 sed

397 1334 542 1375 equitem,
556 1344 640 1374 neque
654 1339 745 1364 tamen
761 1345 793 1363 ex
807 1333 897 1364 Italia
917 1341 1017 1374 ortum,
1039 1346 1122 1376 quum
1141 1335 1371 1367 Lombardorum
1395 1338 1429 1368 Εἴ

400 1443 409 1456 ι
418 1433 501 1459 kaded
512 1433 554 1459 the
563 1439 632 1459 town
646 1442 679 1459 on
690 1443 704 1459 a
715 1434 820 1469 tuesday
833 1434 883 1460 and

399 1482 409 1495 ι
418 1473 481 1498 took
495 1473 515 1498 it
527 1482 559 1498 on
574 1483 589 1498 a
604 1474 716 1508 tuesday.
732 1475 885 1509 According

399 1518 446 1538 «to
458 1522 473 1538 a
489 1513 617 1546 tradition,
630 1514 693 1539 God
706 1514 807 1539 created
820 1523 853 1540 on
866 1524 881 1540 a

399 1562 408 1575 ι
418 1553 522 1588 tuesday
534 1554 565 1579 all
580 1554 663 1588 things
678 1554 859 1588 disagreeable!
869 1565 880 1578 ι

397 1593 529 1619 Christiani
543 1602 602 1619 vero
614 1594 680 1619 diem
691 1594 784 1620 Martis
795 1595 883 1628 praedi·

396 1640 454 1658 cant
470 1634 519 1659 «in
542 1643 591 1668 qua
612 1634 722 1661 Christus
742 1635 882 1669 baptizatus

399 1683 409 1696 ι
417 1673 464 1699 fuit
472 1675 495 1699 δι
505 1682 580 1699 omne
589 1675 683 1699 bonum
693 1675 798 1700 contulit
807 1675 882 1701 chris-

399 1714 490 1739 ‹tianis
508 1725 518 1738 ι
535 1714 604 1748 (Ioh.
619 1715 650 1740 de
665 1715 771 1748 Tulbia,
792 1717 805 1747 Ξ
819 1717 878 1750 ιν).

434 1763 444 1779 1
469 1755 527 1780 Hoc
551 1755 592 1780 die
623 1755 767 1780 christianos
790 1756 878 1781 urbem

395 1794 494 1828 cepifl'e,
508 1795 563 1820 satis
577 1796 673 1821 constat
685 1795 771 1829 (Gest.‚
782 1796 836 1822 loh.
849 1797 880 1822 de

395 1835 500 1865 Tulbia,
516 1835 568 1860 Lib.
581 1835 683 1868 Dueffij,
699 1836 711 1867 ἒ
724 1843 783 1869 ιινς
799 1836 877 1864 Oliv..

398 1876 587 1908 1415512c0b„
596 1875 722 1908 Epss.‚1v,
734 1876 806 1909 383).
821 1876 880 1901 Ma-

394 1914 460 1945 krifi,
471 1917 529 1945 106,
539 1922 581 1941 111.
590 1916 612 1940 &
626 1915 780 1940 Muhaddab
791 1915 879 1941 ad-din

394 1953 419 1979 in
434 1955 480 1980 Ibn
490 1955 639 1986 Khassikan,
661 1955 743 1988 Biogr.
762 1954 877 1987 Dimum,

396 2002 434 2023 lv.
453 2003 516 2026 303:
539 1995 633 2020 sextum
654 1995 720 2020 diem
744 1996 877 2020 novembr.

394 2042 496 2067 vocam5
507 2035 617 2068 Erachs,
631 2044 692 2069 345²
705 2045 715 2059 ι
726 2035 833 2061 mensem
843 2035 878 2061 ia-

395 2074 474 2109 nuarij
492 2075 635 2102 MCCXX.
651 2085 660 2099 n
686 2076 806 2102 Ceterum
827 2075 880 2101 ani-

947 1435 1155 1461 madvertendum
1162 1435 1204 1468 est,
1213 1436 1310 1468 omnia,
1322 1445 1380 1471 quae
1389 1436 1430 1462 hic

945 1475 1071 1509 leguntur,
1094 1485 1124 1501 ex
1143 1476 1244 1509 Oliverij
1264 1476 1323 1510 Hist.
1341 1477 1430 1509 Dum„

947 1524 1104 1549 1411-1412,
1127 1525 1202 1549 1415,
1232 1522 1348 1550 excerpta
1368 1515 1427 1542 effe.

981 1565 995 1580 2
1012 1556 1112 1581 Pariter
1127 1556 1268 1590 vituperant
1287 1556 1431 1582 christiano—

945 1604 998 1621 rum
1007 1596 1165 1630 quorundam
1174 1596 1301 1630 ignaviam
1308 1596 1430 1622 Reinerus

944 1635 967 1661 in
990 1636 1056 1661 Mon.
1076 1637 1193 1662 German.
1214 1637 1266 1668 SS.,
1290 1644 1349 1668 xvx,
1367 1638 1431 1669 ⁶76;

943 1676 1035 1702 Annal.
1049 1677 1139 1708 Rudb„
1156 1676 1226 1708 ibid„
1245 1679 1305 1707 781.
1317 1677 1429 1710 Legatus

943 1724 1012 1747 vero,
1031 1716 1139 1750 aliquem
1153 1716 1204 1742 sme
1225 1716 1300 1742 literis
1321 1716 1428 1750 publicis

942 1756 1048 1781 domum
1055 1756 1143 1787 redire,
1151 1756 1232 1782 vetuit
1239 1756 1346 1789 (Gestast
1353 1757 1426 1790 uu),

942 1805 1048 1828 quarum
1072 1796 1177 1830 speciem
1195 1796 1279 1822 videas
1298 1796 1323 1821 in
1355 1798 1431 1823 Groot

943 1836 1107 1863 Charterhook
1126 1845 1183 1862 van
1196 1836 1333 1871 Vriefland,
1352 1844 1371 1869 1,
1387 1839 1429 1869 86,

944 1879 986 1908 89.

979 1925 991 1948 3
1007 1916 1132 1942 similibus
1147 1916 1229 1942 verbis
1247 1917 1302 1942 Ioh.
1319 1916 1350 1942 de
1363 1916 1430 1943 Tul-

942 1956 982 1982 bia
995 1965 1058 1990 opus
1071 1956 1135 1982 finit:
1153 1967 1163 1980 ι
1177 1957 1211 1982 Et
1225 1965 1270 1981 vos
1279 1965 1376 1989 omnm,
1385 1957 1428 1991 qui

945 1996 1043 2030 «legitis
1062 1997 1086 2021 δι
1105 1995 1242 2030 intelligitis
1261 1996 1326 2021 hanc
1345 1996 1429 2031 hysto-

945 2046 953 2058 ι
963 2035 1034 2067 riam,
1046 2044 1091 2069 pro
1097 2035 1180 2061 anima
1190 2035 1325 2071 presbyteri
1336 2036 1389 2061 Ioh.
1398 2036 1431 2062 de

945 2085 954 2099 α
963 2075 1061 2102 Tulbia
1067 2081 1146 2106 orate,
1155 2076 1198 2111 qui
1205 2076 1253 2102 hoc
1261 2075 1409 2111 composuit.
1415 2086 1426 2101 n
