1624 2788
117 724 134 747 f.
147 731 190 754 ¹79
200 732 220 747 ι.

504 236 543 262 m
566 236 764 262 OBSIDIONE
782 234 978 262 DAM1ATE.
1190 230 1252 273 153

231 347 275 383 ad
292 348 437 383 Badianis
459 349 494 382 &
510 346 600 391 iuffit,
627 359 731 382 totam
748 347 862 382 Siriam
889 347 996 381 venire
1020 347 1055 381 δ(
1076 357 1180 380 totam
1198 358 1259 380 ter·
1275 357 1334 379 ¹2¹9

232 415 303 437 ram
312 401 538 449 promiffionis.
552 400 593 434 Ex
602 400 664 435 alia
675 412 784 435 autem
797 411 888 447 parte
902 398 1069 441 soldanus,
1080 411 1134 434 rex
1145 399 1260 446 Egipti‚

234 455 419 490 commovit
436 453 666 489 Alexandriam
684 455 718 488 &
738 452 939 488 Babiloniam
961 453 994 486 ὅ(
1021 464 1126 486 totam
1145 464 1262 486 terram

234 507 339 556 Egipti
365 508 400 542 &
424 508 522 542 etiam
539 506 722 542 Affricanos
746 507 846 553 usque
864 505 906 540 ad
923 505 1069 550 Maroch,
1094 517 1129 539 ut
1147 518 1262 541 omnes

235 561 265 595 ei
282 560 487 596 subvenirent
505 560 633 595 dicens:
662 561 759 606 Qum
773 565 802 608 fi
820 563 929 595 civitas
947 562 1094 594 Damiam
1120 574 1137 593 α
1157 561 1263 606 Cbrff-

235 617 330 648 tianis
347 617 450 660 fuerit
465 616 621 661 superata,
652 626 715 647 tota
739 627 819 648 terra
849 616 1040 659 Paganorum
1061 615 1261 659 superabitur.

236 666 471 702 Verumtamen
490 679 606 701 omnes
622 666 697 700 istos
709 665 864 701 iusserunt
876 666 909 700 in
928 666 1038 700 mense
1050 666 1126 709 Maij
1144 666 1261 701 venire.

235 719 380 754 Audiens
400 732 510 755 autem
532 720 597 754 hoc
614 719 737 762 califus,
764 719 893 754 illorum
915 720 1145 766 Agarenorum
1164 732 1262 767 papa,

235 785 312 808 cum
334 774 477 809 maxima
503 773 643 808 militum
667 774 764 820 copia
791 786 810 807 a
837 773 983 806 Badlanis
1015 772 1113 816 venit,
1141 772 1263 808 habens

236 839 274 860 ex
296 825 424 862 diverfis
441 826 587 874 partibus
610 825 697 861 orbis
715 825 832 860 milites
850 826 969 870 secum,
992 838 1134 873 quorum
1156 825 1262 859 multi—

236 878 384 914 tudinem
404 878 609 915 dinumerare
626 892 726 913 nemo
745 878 911 914 sufficeret.

527 987 578 1019 ‘De
595 987 698 1030 quinta
716 999 752 1019 ac
758 987 846 1031 sexta
858 998 971 1031 pugna.

283 1091 399 1126 XXVI.
428 1093 459 1127 In
494 1090 546 1125 die
574 1103 655 1139 ergo
685 1091 884 1126 Pentecostes
910 1104 948 1125 ex
975 1092 1068 1126 omni
1099 1104 1189 1138 parte
1207 1104 1265 1139 per
1277 1098 1332 1128 Maj·
1344 1098 1381 1120 ²⁶·

235 1156 356 1191 aquam
374 1145 408 1179 &
426 1156 544 1179 terram
558 1156 716 1179 venerunt
733 1144 775 1178 ad
789 1157 849 1178 nos
861 1145 1135 1192 proieceruntque
1153 1146 1264 1193 ignem

237 1197 331 1244 super
355 1196 556 1232 bertenescas
582 1198 703 1232 nostras
721 1198 755 1232 &
773 1210 928 1244 ceperunt
951 1196 1105 1232 foffatum
1129 1198 1265 1245 implere

237 1251 362 1297 nosque
376 1251 459 1285 inter
477 1251 507 1285 se
522 1251 669 1298 captivos
683 1250 832 1285 dixerunt
845 1250 1010 1286 divisuros.
1028 1251 1264 1286 Verumtamen

237 1315 304 1338 non
323 1303 368 1338 ita
387 1304 538 1351 contigit,
556 1303 610 1337 sed
629 1303 759 1337 illorum
781 1303 873 1338 multi
891 1304 966 1350 equi
983 1305 1017 1338 &
1035 1305 1158 1350 equites
1176 1318 1266 1339 ama—

238 1356 312 1390 riter
329 1356 402 1391 sunt
418 1358 524 1391 necati
542 1356 704 1403 tristesque
722 1356 774 1399 alij
794 1357 1005 1391 retroversum
1024 1357 1094 1391 sunt
1110 1357 1265 1401 converfi,

237 1410 272 1443 ἀ
290 1409 398 1453 nostri,
417 1410 566 1456 quamvis
580 1409 737 1444 vulnerati
756 1409 848 1444 multi
865 1411 899 1444 ἃ
916 1408 1010 1444 occifi
1026 1411 1135 1457 pauci,
1157 1411 1266 1445 trium-

238 1461 342 1508 phum
359 1462 432 1496 sunt
450 1461 571 1509 adepti.

287 1514 416 1550 XXVII.
434 1515 529 1550 Tune
547 1515 804 1550 machinavimus
818 1527 922 1551 cattos
939 1517 974 1550 ὅ(
991 1516 1089 1550 scalas
1107 1517 1140 1551 ὃ(
1158 1515 1266 1551 trabu-

239 1579 329 1602 cetos
345 1569 380 1602 ὅ(
401 1568 503 1602 multa
528 1568 590 1603 alia
616 1569 748 1616 ingenia
772 1581 834 1616 pro
860 1569 990 1604 civitate
1015 1568 1267 1617 constringenda

239 1621 274 1654 &
291 1620 325 1654 in
344 1620 398 1654 tali
412 1633 512 1668 opere
531 1620 650 1655 fuimus
670 1622 702 1655 in
718 1621 827 1669 vigilia
840 1622 948 1656 Sanffl
968 1621 1117 1656 Iohannis
1130 1622 1268 1669 Baptiste
1282 1634 1328 1656 lun.
1345 1640 1381 1662 23.

240 1672 363 1708 civibus
380 1674 415 1708 ὅ(
433 1672 569 1708 soldano
584 1686 660 1708 cum
681 1674 740 1709 suis
755 1687 816 1709 nos
834 1673 887 1709 die
905 1687 943 1709 ac
956 1677 1053 1709 noae
1071 1676 1266 1723 impugnan-

241 1724 334 1761 tibus.

289 1778 429 1814 XXVIII.
450 1781 483 1813 In
505 1778 649 1826 prediola
668 1779 777 1827 vigilia
806 1780 878 1827 post
903 1780 1049 1827 vesperas
1075 1779 1161 1827 quasi
1190 1783 1267 1815 0610

241 1831 330 1866 milia
350 1832 552 1880 Paganorum
570 1845 728 1868 venerunt
749 1832 791 1867 ad
809 1833 943 1876 nostrOS‚
972 1834 1004 1868 in
1025 1832 1140 1880 quibus
1160 1834 1218 1868 fuit
1235 1836 1268 1868 ὅ(

241 1897 357 1919 eorum
386 1897 483 1932 papa,
513 1885 635 1928 caliqu‚
667 1887 723 1932 qui
751 1898 854 1933 nuper
879 1887 911 1919 in
939 1887 1076 1921 exercitu
1105 1899 1234 1921 venerat
1250 1901 1268 1921 a

242 1937 399 1982 Baelanis‚
414 1938 565 1984 fastaque
578 1936 788 1973 absolucione
802 1938 955 1974 omnibus
969 1939 1112 1987 paganis,
1128 1941 1269 1975 nostrum

242 1990 346 2025 voluit
371 1989 480 2025 videre
498 1991 673 2026 exercitum
690 1993 723 2026 &
742 1990 836 2026 nobis
863 1991 1032 2027 ostendere
1054 1993 1156 2027 suum.
1185 1993 1269 2040 Qui-

244 2041 303 2077 bus
321 2041 402 2087 vifis,
432 2043 590 2078 Iohannes
618 2043 660 2079 de
685 2043 826 2079 Arficcio
852 2057 928 2079 cum
946 2057 1099 2091 quattuor
1117 2045 1270 2080 militibus

243 2096 336 2130 sociis
354 2097 462 2140 exivit,
479 2098 517 2133 ὅ(
528 2097 619 2132 multi
633 2097 764 2132 clientes
782 2098 880 2133 secuti
898 2099 970 2132 sunt
986 2111 1073 2133 eum.
1092 2099 1182 2133 Cum
1200 2100 1269 2146 qui-

1133 2172 1166 2189 20
