1624 2788
391 247 441 273 DE
460 247 635 274 IOHANNE
652 247 753 273 REGE
772 246 999 273 IERUSALEM.
1154 247 1220 284 127

192 356 448 402 lherosolimam,
465 356 634 392 consilium
647 357 796 393 fecerunt
808 358 918 392 venire
931 357 1025 405 super
1037 370 1108 393 nos.
1123 357 1220 404 Prop-
1235 372 1293 395 1219

191 424 239 446 ter
255 411 333 456 hoc,
352 410 444 459 quod
465 412 562 459 pauci
588 425 725 456 eramus,
754 423 949 460 putaverunt
975 410 1131 447 devorare
1148 423 1221 456 nos,

191 464 269 500 sicut
282 466 375 501 multi
389 466 530 502 famelici
539 480 642 502 unum
655 479 787 514 panem,
800 466 909 501 &iam
923 462 1095 500 diviserant
1107 465 1221 500 omnia

192 519 315 564 nostra,
334 518 388 554 sed
410 521 514 568 gratia
537 520 600 555 Dei
621 532 660 554 ex
684 519 742 554 illis
764 518 857 554 multi
883 519 1003 553 mortui
1025 518 1164 562 fuerunt,
1187 519 1222 553 &

191 571 290 607 nichil
307 571 402 607 nobis
426 580 616 608 notuerunt.
642 572 763 607 Nonne
787 573 821 606 in
839 572 973 619 epistola
990 571 1073 606 Pauli
1091 571 1220 620 legitur:

191 627 228 659 si
250 628 336 660 ‘Deus
353 638 410 672 pro
431 628 529 669 nobis,
552 629 620 672 quis
639 638 742 661 contra
759 630 839 660 nos?
865 624 1031 673 (Roman,
1050 635 1128 670 VIII,
1149 626 1220 674 31.)

192 679 292 714 Certe
306 679 482 726 unicuique
493 679 633 715 vestrum
646 679 763 726 loquar
773 691 848 713 cum
862 678 1013 722 lacrimis,
1030 678 1122 726 quod
1133 691 1222 714 tanta

191 744 258 766 erat
275 732 399 767 miseria
415 733 533 777 nostra,
561 731 653 780 quod
670 731 748 767 sicut
765 732 910 767 infirmus
931 730 1087 767 desiderat
1104 733 1217 768 sanita-

191 797 268 829 tem,
300 786 343 820 ita
363 784 620 821 desiderabamus
641 785 752 821 videre
772 786 915 821 virencia
932 784 1114 830 herbarum,
1140 787 1218 833 quia

191 837 288 874 herba
302 839 408 874 nostra
422 852 491 874 non
507 852 574 874 erat
587 838 643 874 nisi
659 838 814 874 sabulum.
829 838 926 873 Nulla
940 840 1063 887 quippe
1076 839 1219 875 humana

190 891 303 941 lingua
326 893 422 940 plane
445 892 538 928 vobis
560 892 720 940 explicare
740 891 844 940 posset
861 892 1021 927 miseriam
1034 894 1069 927 ὅ(
1086 892 1220 928 infirmi-

192 957 292 980 tatem
309 945 462 991 nostram,
489 947 523 981 &
541 944 704 990 desideria,
731 958 795 992 que
813 944 889 992 pasli
908 945 980 979 sunt
996 945 1168 981 Christiani
1185 947 1218 981 in

191 998 339 1046 predifio
356 998 454 1034 sedio.

239 1053 348 1088 XXIII.
374 1055 406 1088 In
424 1053 537 1087 ultima
554 1051 764 1088 hebdomada
781 1052 899 1100 Aprilis
920 1051 984 1087 dux
1002 1052 1124 1088 Austrie
1141 1066 1217 1088 cum
1230 1061 1301 1092 April.
1314 1068 1393 1092 29-30.

193 1107 301 1142 multis
318 1107 387 1142 aliis
405 1105 446 1141 de
460 1106 599 1141 exercitu
618 1105 750 1142 receslit.

239 1159 464 1196 XXIV-XXV.
492 1162 525 1194 ln
546 1162 667 1195 odlavo
689 1159 820 1195 decimo
839 1159 892 1194 die
910 1160 987 1204 Maij
1004 1161 1093 1196 venit
1110 1160 1217 1196 solda·
1231 1167 1287 1191 Mai·
1302 1167 1336 1190 ¹8-

173 1226 250 1249 -nus
278 1225 355 1248 cum
377 1225 448 1247 toto
476 1214 614 1248 exercitu
634 1226 757 1256 eorum,
781 1214 815 1247 ὅ(
841 1213 1040 1249 intraverunt
1065 1213 1219 1249 fossatum

191 1267 335 1302 nostrum
361 1267 396 1302 ἃ
421 1278 617 1314 putaverunt
638 1279 699 1301 nos
726 1265 968 1314 apprehendere
985 1268 1020 1301 &
1037 1266 1220 1315 disperdere

192 1321 285 1368 super
298 1331 427 1364 terram,
441 1319 506 1363 sed,
525 1320 656 1355 volente
670 1320 819 1355 Domino
832 1321 866 1354 &
880 1332 1093 1368 cooperante,
1111 1320 1220 1356 Chris-

191 1374 270 1408 tiani
296 1371 478 1408 habuerunt
502 1373 673 1408 vidioriam
697 1374 731 1407 ὅ(
758 1371 949 1408 occiderunt
979 1374 1062 1408 inter
1090 1374 1220 1409 Sarace-

193 1439 253 1461 nos
275 1427 311 1461 &
330 1438 433 1473 equos
455 1438 571 1461 eorum
595 1426 768 1474 plusquam
786 1425 854 1460 duo
875 1426 972 1461 milia.
996 1427 1051 1461 Per
1074 1439 1134 1462 tres
1152 1426 1220 1463 dies

193 1493 212 1515 a
224 1493 320 1515 mane
339 1480 436 1526 usque
449 1478 492 1514 ad
510 1481 643 1514 noctem
657 1478 829 1514 nobiscum
843 1479 1070 1528 preliaverunt,
1089 1482 1124 1515 ὅ(
1142 1479 1220 1515 sicut

192 1545 328 1580 campus
354 1533 468 1580 plenus
488 1531 532 1567 est
554 1532 596 1567 de
620 1532 744 1578 culmis,
770 1545 846 1567 cum
869 1532 1024 1567 tolluntur
1050 1533 1146 1581 spice,
1175 1534 1220 1569 ita

194 1584 347 1620 fossatum
364 1585 509 1620 nostrum
524 1585 658 1633 plenum
676 1597 743 1621 erat
760 1585 910 1633 quarellis
927 1587 962 1620 &
977 1586 1111 1634 sagittis.

241 1638 355 1674 XXVI.
376 1641 409 1673 In
426 1637 478 1673 die
494 1651 572 1673 vero
587 1638 783 1674 Pentecostes
801 1651 959 1674 venerunt
975 1651 1033 1686 per
1050 1652 1171 1687 aquam
1185 1642 1220 1676 &
1231 1648 1286 1672 Mai·
1299 1650 1335 1672 26.

193 1703 251 1739 per
268 1704 384 1727 terram
401 1693 436 1727 δι
448 1693 656 1740 proiecerunt
673 1693 785 1740 ignem
802 1691 896 1739 super
906 1690 1079 1727 bertrescas
1097 1694 1219 1730 nostras

192 1746 226 1779 &
240 1757 396 1793 ceperunt
410 1744 562 1780 fossatum
575 1745 719 1780 nostrum
733 1745 866 1792 implere
879 1746 913 1779 &
926 1745 1019 1793 super
1031 1758 1091 1781 nos
1099 1748 1219 1792 venire,

191 1799 226 1833 &
243 1811 304 1833 nos
322 1797 399 1833 sicut
416 1799 563 1847 captivos
583 1798 736 1841 dividere,
760 1799 795 1833 &
817 1798 926 1842 nostri,
952 1799 1100 1845 quamvis
1126 1801 1220 1836 multi

192 1851 361 1896 vulnerati,
378 1864 454 1886 curn
473 1852 609 1887 vidioria
627 1851 858 1896 remanserunt,
883 1852 918 1886 δε
938 1852 1102 1887 Sarraceni
1121 1853 1219 1888 tristes

193 1905 227 1940 &
247 1902 324 1940 illusi
343 1904 419 1940 versi
439 1905 517 1940 sunt.

241 1957 367 1992 XXVII.
386 1959 483 1993 Tunc
501 1957 647 1993 fecerunt
658 1957 832 1993 Christiani
848 1957 1055 2003 tribuchetos,
1073 1960 1107 1994 &
1124 1971 1218 2007 cepe-

193 2022 267 2046 runt
290 2023 349 2058 per
370 2010 476 2046 subter
492 2009 628 2046 fluvium
645 2010 758 2046 fodere
779 2023 906 2056 terram,
929 2012 964 2046 &
988 2010 1148 2047 submersa
1165 2013 1218 2048 est.

193 2061 348 2098 Videntes
374 2064 481 2112 igitur,
501 2064 592 2111 quod
618 2077 698 2100 cava
723 2064 824 2099 nichil
847 2064 1039 2112 prodiderit,
1065 2076 1220 2113 ceperunt

194 2126 286 2150 catos
302 2115 494 2151 construere.
