1624 2788
425 228 457 265 xl
832 235 1053 262 PRAEFATIO.

417 347 535 391 summa
549 357 610 377 cum
625 345 769 386 diligentia
789 351 933 386 exponunt,
946 344 1036 375 multa
1059 344 1130 383 alia,
1145 354 1207 385 quae
1221 343 1258 374 ab
1279 342 1342 373 abis
1361 353 1457 373 cruce-

417 395 538 437 signatis
551 394 657 435 egregie
667 394 745 436 gesta
751 393 833 437 sunt,
848 399 880 424 ut
892 393 1114 434 expugnationem
1130 392 1205 423 arcis
1218 391 1379 430 maritima,
1394 392 1458 422 bre-

426 444 503 475 viter
526 449 763 474 commemorantes
783 441 892 479 (Gesta
915 440 948 472 P.
966 443 1000 473 ξεῖ
1024 441 1083 480 M„
1108 441 1166 472 Ioh.
1189 441 1222 471 de
1248 439 1362 479 Tulbia‚
1387 439 1458 471 Lib.

428 491 569 533 Duellij).
583 491 640 530 Alii
653 503 722 522 vero
733 491 834 530 clerici,
846 501 962 531 quorum
972 491 1113 532 principes
1121 488 1252 520 Iacobus
1264 489 1302 519 de
1317 489 1458 520 Vitriaco

426 542 460 572 δ’
476 539 637 572 oliverius
658 540 779 571 vocandi
791 539 872 584 sunt,
891 546 943 570 aut
959 550 1021 579 quae
1042 538 1095 579 ipfi
1118 538 1254 569 viderunt
1270 538 1304 568 &
1315 538 1461 578 fecerunt,

428 596 480 621 aut
502 601 564 630 quae
585 588 747 630 populares
767 589 920 631 geffi’runt,
944 599 1028 628 neque
1049 594 1139 618 tamen
1161 587 1304 625 orationes,
1323 586 1374 617 vel
1393 598 1461 618 vere

428 638 548 676 habitas,
559 638 611 669 vel
608 637 704 679 fictas,
714 638 742 668 in
736 637 870 681 serentes,
882 643 934 668 aut
942 635 1089 676 theologica
1100 636 1223 675 quadam
1235 634 1397 675 eloquentia,
1411 643 1464 666 aut

429 687 503 717 nudo
517 698 550 717 ac
555 686 678 728 stmplici
689 686 750 725 stilo
765 685 814 728 ust,
828 686 965 727 referunt.

469 735 598 767 Alterius
612 747 682 766 vero
696 735 799 765 ordinis
805 734 880 778 sunt
882 734 987 775 fontes,
1001 733 1097 775 quibus
1111 744 1174 774 quae
1188 732 1323 764 Iohannes
1346 744 1397 763 rex
1415 734 1466 764 vel

430 785 510 816 duces
530 785 607 815 elec‘ti
618 784 742 815 dixerint
757 785 790 815 ΕΞ
806 783 952 825 geffi⁸rint,
971 783 1090 814 maxime
1110 790 1312 822 memorantur,
1326 780 1463 813 nonnullis

431 834 486 864 omi
507 845 539 872 15,
553 833 698 877 velfalso
718 833 812 863 ordine
834 832 1015 872 chronologico
1032 831 1172 876 dispositis,
1187 843 1249 872 quae
1264 831 1376 863 aliunde
1390 830 1463 860 nobis

433 882 612 921 nuntiantur,
627 882 724 922 quibus
738 888 830 912 autem
841 882 969 920 maxime,
985 892 1046 922 quae
1056 881 1097 911 ad
1103 893 1162 911 rem
1172 881 1320 911 militarem
1324 880 1464 924 speciant,

432 933 466 963 δ’
480 932 509 962 in
524 931 622 971 castris
636 930 750 973 hostium
768 930 924 961 deliberata
945 929 1086 971 velfac'ta
1093 930 1173 973 sunt,
1188 936 1361 972 exponuntur
1375 927 1464 964 ‹Era-

434 979 507 1018 cles,
518 979 637 1018 Ernoul,
649 978 755 1010 Recits
764 979 805 1009 du
814 977 974 1009 mt'enestrel
987 978 1024 1009 de
1036 978 1162 1018 Reims).
1173 977 1290 1009 Horum
1304 978 1464 1019 insontium

436 1039 552 1059 numero
568 1028 709 1070 ponendus
733 1028 770 1070 est
793 1034 889 1066 textus,
910 1038 987 1067 quem
1011 1026 1171 1068 Anonymus
1181 1026 1366 1068 provincialis
1386 1026 1464 1057 rede-

431 1076 505 1118 giffi
519 1077 643 1107 videtur.
657 1076 706 1107 De
719 1076 752 1106 iis
766 1087 844 1114 vero,
859 1087 921 1116 quae
934 1076 962 1105 in
978 1075 1098 1106 omnibus
1113 1075 1175 1106 aliis
1189 1074 1320 1106 chronicis
1332 1074 1465 1116 &sonti-

435 1126 485 1156 bus
499 1125 532 1156 de
547 1125 628 1156 rebus
643 1136 661 1155 a
676 1124 832 1166 christianis
845 1125 873 1154 in
887 1124 995 1165 ⁸Quinto
1010 1124 1078 1155 hello
1084 1123 1173 1168 sacro
1183 1124 1273 1164 gestis,
1288 1123 1465 1164 referuntur,

435 1177 465 1206 in
472 1175 652 1219 sequentibus
666 1175 746 1206 huius
759 1174 916 1206 collectionis
936 1175 1130 1213 voluminibus,
1151 1181 1258 1215 quanta
1277 1174 1420 1215 diligentia
1433 1175 1467 1205 ΕΞ

434 1225 575 1267 industria
588 1223 723 1266 poffi'mus,
737 1224 811 1255 nobis
825 1224 961 1265 agendum
976 1224 1037 1254 erit.

481 1321 610 1360 Coniux,
622 1333 653 1351 ex
665 1332 716 1362 quo
726 1320 759 1351 P.
771 1320 910 1362 Meyerus
920 1320 992 1351 hunc
1003 1327 1104 1350 textum
1112 1320 1270 1361 fragmenti
1274 1319 1468 1360 provincialis,

435 1370 535 1413 instgni
546 1370 673 1401 doctrina
686 1371 719 1400 ἔθ’
730 1369 825 1409 studio
844 1370 974 1400 edendum
993 1371 1117 1409 curavit,
1136 1370 1165 1400 in
1184 1368 1343 1400 bibliotheca
1357 1368 1469 1399 Arma-

437 1419 522 1449 menti
527 1417 658 1460 Partfien
673 1417 763 1460 ts,sub
771 1423 805 1447 n⁰
811 1427 885 1458 5991
895 1418 1067 1460 affirvatus,
1078 1425 1087 1441 ¹
1100 1417 1198 1459 primis
1196 1416 1301 1462 saeculi
1306 1417 1343 1447 X
1340 1417 1359 1447 I
1363 1415 1394 1448 V
1390 1415 1470 1447 annis

428 1468 566 1512 scriptus,
576 1463 635 1507 sed
649 1466 772 1496 murium
791 1466 914 1496 dentibus
927 1466 1062 1497 nonnullis
1080 1466 1141 1497 locis
1155 1466 1281 1509 corrosus
1295 1466 1339 1508 est.
1359 1463 1472 1507 Constat

438 1527 511 1547 nunc
521 1522 642 1556 quatuor
649 1515 774 1556 plagulis
784 1515 812 1545 in
828 1515 906 1546 binas
918 1515 1058 1546 columnas
1068 1514 1171 1557 divisis,
1186 1526 1307 1555 quarum
1317 1514 1346 1544 in
1351 1513 1471 1556 ſsngub's

439 1564 483 1605 iiij
501 1564 583 1595 lineae
605 1563 722 1605 scriptae
736 1563 827 1607 sunt;
851 1564 931 1594 codex
955 1574 1023 1593 vero
1043 1563 1141 1604 plenus
1156 1563 1212 1606 sex
1227 1562 1361 1603 plagulas
1365 1561 1470 1606 saltem

439 1612 569 1656 habuiffl·
585 1613 710 1651 videtur,
725 1613 754 1643 in
769 1612 866 1653 quibus
878 1612 986 1642 initium
991 1612 1163 1652 fragmenti,
1177 1612 1209 1642 id
1220 1612 1257 1654 est
1275 1610 1415 1653 inscriptio
1427 1611 1471 1648 δ’,

440 1672 503 1701 quae
528 1661 711 1702 crucesignati
732 1661 816 1705 usque
842 1661 883 1691 ad
904 1660 1088 1701 februarium
1114 1659 1245 1691 MCCX
1242 1659 1298 1690 IX
1319 1659 1472 1701 gffrunt,

441 1709 661 1740 continebantur.
689 1710 802 1740 Praeter
816 1709 1018 1751 fragmentum
1044 1720 1122 1748 vero,
1154 1707 1291 1750 Epistola
1308 1707 1385 1751 satis
1407 1713 1472 1738 nota

441 1757 588 1790 Iohannis
615 1758 782 1800 Presbyteri
799 1758 858 1802 sed
889 1757 1031 1796 mutilata,
1062 1757 1179 1788 Fabula
1204 1756 1280 1788 Peiri
1308 1754 1471 1787 cardinalis

441 1807 632 1838 Unaciutatz
655 1809 689 1839 &⁹
715 1806 883 1848 Catalogus
904 1807 1118 1847 episcoporum
1149 1806 1232 1837 orbis
1257 1813 1415 1844 terrarum,
1442 1804 1471 1835 in

441 1856 531 1887 codice
545 1856 635 1898 nostro
647 1855 789 1896 leguntur.

480 2008 491 2024 ι
510 1998 578 2025 Cod.
592 1998 672 2030 latin„
684 2005 713 2024 no
724 2007 800 2032 599¹,
811 1997 881 2023 cuius
895 1997 930 2023 vi·
988 1997 1099 2023 Biblioth.
1108 1997 1138 2022 de
1144 1995 1162 2021 Γ
1163 1995 1388 2027 Ecoledmhartes,
1398 1998 1473 2026 ¹877,

443 2038 503 2065 deas
526 2046 669 2064 accuratam
691 2038 881 2073 descriptionem
905 2037 930 2063 in
990 2046 1015 2071 p.
1027 2040 1151 2070 498—500,
1168 2046 1226 2070 505.
