1624 2788
170 1825 189 1840 c.
202 1822 238 1846 35·

562 259 613 285 ΒΕ
635 259 792 285 ITINERE
817 259 1019 286 FmsoNuM.
1235 249 1281 298 69

255 370 352 418 igitur
370 370 403 405 in
421 369 486 404 hoc
510 368 796 413 consentientibus,
823 370 891 417 ipse
914 369 1043 404 senator
1059 369 1212 405 vexillum
1229 370 1280 405 in-
1312 380 1370 403 1218

254 422 345 471 signe
361 424 395 458 in
412 421 539 470 signum
553 422 718 470 potestatis
735 423 768 457 &
786 422 923 467 dominii
942 423 1075 470 propria
1089 435 1189 458 manu
1205 435 1281 470 por-

255 477 344 521 rexit,
358 475 510 511 omnibus
520 476 636 511 Latinis
644 475 710 510 fide
718 476 858 521 astriffls,
873 489 908 511 ut
919 477 952 511 in
966 475 1119 511 omnibus
1134 477 1281 524 negociis

254 530 343 577 pacis
360 531 394 564 &
411 528 487 564 belli
498 527 593 563 nobis
611 541 769 576 tanquam
786 528 929 577 patribus
950 528 1129 565 obedirent.
1149 530 1281 576 Nosque

255 581 474 630 respondendi
499 594 647 629 tempore
672 594 810 629 accepto
835 582 1074 629 qualescunque
1104 583 1282 631 gratiarum

254 637 397 671 afflones
420 634 492 683 ipsis
510 635 686 680 retulimus,
709 634 750 670 de
767 634 931 670 beneficiis
949 636 1092 683 acceptis
1110 637 1145 670 δε
1161 637 1282 684 pietate

255 702 331 738 erga
360 702 421 724 nos
446 689 545 735 usque
574 689 607 722 in
636 688 739 724 finem
769 689 903 734 servata,
934 702 1036 736 quam
1067 689 1283 737 equanimiter

254 743 396 778 nemoris
423 742 470 777 sui
493 740 694 786 incisionem,
727 742 787 776 suis
811 743 946 777 vetitam
971 741 1107 787 civibus,
1136 756 1155 777 a
1185 741 1282 777 nobis

254 794 457 841 toleraffent3
487 808 587 843 quam
604 796 657 843 pie
675 808 735 830 nos
752 796 786 830 in
812 796 872 830 suis
889 795 1051 843 hospiciis,
1079 808 1180 843 quam
1201 796 1282 832 fide-

252 850 324 885 liter
339 850 374 884 in
390 849 595 884 commerciis
617 848 821 894 traClaffent3
850 862 950 896 quam
974 849 1116 884 humane
1135 849 1282 884 infirmos

253 903 379 938 nostros
396 900 579 946 vifitaffent,
598 900 752 949 quicquid
767 902 819 937 vel
836 902 908 936 usus
925 903 1111 937 communis
1130 902 1182 938 vel
1195 902 1277 949 peri-

253 956 302 991 cia
312 954 508 1003 phificorum
521 955 555 990 in
569 954 750 990 remedium
764 954 956 990 morborum
973 954 1150 999 adinvenit,
1171 955 1279 990 secum

252 1007 421 1043 afferentes
434 1009 468 1042 &
482 1020 579 1055 prout
593 1008 711 1055 cuique
725 1020 808 1055 opus
822 1020 890 1043 erat
902 1008 1144 1056 impercientes3
1159 1019 1283 1055 quanta

254 1062 373 1109 pietate
390 1060 536 1095 infirmos
553 1061 679 1096 nostros
698 1073 732 1095 ut
745 1061 828 1095 filios
849 1062 918 1096 suos
931 1060 1162 1109 deploraffent,
1179 1060 1282 1108 sepul-

254 1114 331 1149 chra
350 1126 466 1149 eorum
483 1126 517 1148 ut
534 1114 720 1149 sanctorum
737 1127 926 1149 venerantes
943 1116 977 1149 &
993 1127 1108 1150 cetera,
1135 1115 1192 1149 Pro
1211 1114 1281 1161 qui-

253 1166 312 1203 bus
340 1165 492 1202 omnibus
517 1167 615 1201 nostri
641 1166 760 1202 laboris
791 1168 999 1215 participium
1021 1169 1055 1202 ὅ(
1075 1168 1185 1202 Deum
1207 1165 1280 1214 ipfis

253 1219 477 1256 retributorem
502 1220 742 1264 constituentes,
774 1233 841 1255 non
873 1219 937 1255 fine
968 1220 1108 1255 lacrimis
1138 1219 1179 1255 ab
1207 1218 1280 1267 ipfis

253 1272 352 1318 divifi,
377 1274 409 1307 in
434 1272 487 1307 die
503 1274 776 1308 Annunciationis
804 1273 970 1308 dominice
993 1273 1065 1309 vela
1090 1273 1280 1318 levavimus,
1293 1287 1358 1311 Man.
1371 1293 1406 1317 25.

253 1329 288 1362 &
308 1340 368 1375 per
384 1325 472 1362 diem
490 1328 524 1361 ἃ
541 1329 674 1361 nostem
690 1327 844 1374 prospere
864 1328 1065 1375 navigantes,
1082 1328 1185 1363 ventis
1203 1340 1282 1361 con-

254 1381 354 1416 trariis
371 1381 403 1415 in
420 1392 553 1427 portum
570 1380 694 1414 Veteris
707 1380 856 1415 Civitatis
874 1380 980 1415 sumus
1002 1381 1129 1416 revesti.
1157 1381 1188 1414 A
1212 1393 1280 1427 quo

253 1433 374 1469 eodem
390 1432 444 1468 die
462 1433 539 1467 feria
556 1433 653 1467 tercia
671 1431 866 1478 recedentes,
883 1433 961 1468 velis
979 1433 1133 1480 aquilone
1151 1445 1279 1468 tumen·
1292 1436 1359 1460 Mart·
1371 1444 1407 1466 27-

254 1487 348 1532 tibus,
369 1486 470 1520 hostia
486 1484 648 1529 Tiberina,
674 1486 844 1534 Tagetam,
862 1487 964 1531 Baias,
990 1487 1176 1533 Neapolim,
1196 1487 1279 1522 Prin-

253 1542 409 1589 cipatum,
423 1539 588 1586 Apuliam,
601 1538 799 1583 Calabriam,
809 1539 961 1583 Siciliam,
970 1552 1038 1587 quo
1049 1539 1275 1584 tendebamus,

253 1594 469 1640 relinquentes
486 1592 528 1627 ad
546 1593 663 1636 levam,
682 1593 769 1627 sexto
788 1592 923 1628 tandem
940 1592 1002 1637 die,
1030 1592 1109 1627 feria
1126 1593 1277 1639 secunda,
1291 1601 1336 1631 Ap·
1347 1608 1368 1623 2-

253 1645 396 1693 pluribus
422 1645 591 1695 defatigati
615 1646 761 1693 periculis
777 1659 815 1680 ex
832 1646 999 1693 impericia
1016 1645 1158 1680 duetoris
1175 1647 1209 1681 in
1227 1647 1277 1681 in-

253 1699 364 1742 sulam,
391 1713 455 1746 que
478 1699 594 1734 dicitur
611 1699 798 1747 Lampeosa,
826 1698 909 1733 duce
929 1699 1058 1734 Christo
1077 1698 1278 1745 devenimus,

252 1766 272 1787 a
289 1752 436 1788 Barbaria
459 1753 695 1800 quinquaginta
720 1751 895 1787 miliaribus
921 1751 1100 1787 distantem.
1128 1751 1192 1788 Ubi
1209 1766 1278 1788 cur-

253 1806 350 1841 sarios
377 1807 541 1841 {anuenses
571 1806 604 1840 in
629 1806 723 1854 galea
750 1818 815 1840 una
838 1805 970 1840 feliciter
987 1805 1179 1849 invenimus,
1211 1807 1277 1853 qui,

253 1858 430 1907 depredata
442 1858 589 1894 Barbaria
601 1860 635 1894 &
649 1859 750 1906 captis
763 1859 955 1903 sarracenis,
970 1858 1158 1905 tempestate
1171 1860 1279 1894 coaffl

252 1912 316 1947 illic
330 1914 363 1948 in
380 1925 477 1960 portu
496 1913 628 1960 recepti,
648 1912 753 1946 socios
774 1925 793 1946 a
812 1912 843 1946 se
861 1911 978 1947 divisos
997 1911 1223 1959 expeftabant.
1248 1914 1279 1948 A

253 1964 368 2013 quibus
392 1965 434 2000 de
452 1979 559 2001 errore
587 1966 696 2000 nostro
720 1966 754 1999 &
782 1963 1015 2000 inminentibus
1039 1965 1187 2012 periculis
1216 1966 1277 2001 suf-

251 2018 394 2054 ficienter
418 2019 571 2064 instruffl,
601 2030 715 2066 quarta
733 2019 811 2053 feria
833 2019 938 2053 versus
956 2018 1099 2053 Siciliam
1130 2019 1277 2053 trecentis
1291 2027 1369 2057 Αμ4.

252 2071 427 2107 miliaribus
451 2086 470 2107 a
500 2084 593 2120 tergo
620 2072 764 2106 reliciam
790 2084 903 2119 proras
930 2070 1111 2106 direximus.
1142 2071 1278 2107 Emensis

251 2126 348 2176 igitur
374 2137 439 2163 120
458 2124 633 2161 miliaribus
652 2124 808 2162 Maltham
824 2124 961 2161 insulam
979 2123 1187 2171 devenimus3
1213 2138 1278 2175 qua
