1624 2788
360 234 381 271 8
599 282 602 285 ῃ
767 242 982 269 ORDINAclo

360 351 491 402 signatis
508 352 566 388 sub
583 352 685 401 pallio
707 352 838 397 laboris,
858 352 914 399 qui
933 352 977 387 est
994 350 1082 399 quasi
1099 364 1199 396 mors,
1220 351 1298 387 latet
1313 353 1389 388 vita.

362 408 440 441 Item
459 423 466 442 :
487 407 542 442 Per
566 406 750 451 hominem,
771 406 894 440 fastum
916 404 958 440 de
980 418 1063 440 terra
1086 405 1245 454 virginali,
1270 405 1390 440 scilicet

361 473 419 508 per
437 459 559 503 Adam,
588 472 688 504 mors,
712 458 755 494 fic
778 472 835 507 per
852 459 1034 504 hominem,
1059 459 1182 494 factum
1197 458 1239 494 de
1255 458 1390 494 muliere

361 514 498 562 virgine,
515 513 636 548 scilicet
649 526 706 560 per
722 512 898 558 Christum,
915 514 991 549 vita.
1013 515 1108 548 Item:
1126 513 1213 547 Sicut
1227 511 1337 547 Adam
1355 513 1390 547 &

361 567 423 602 Eva
437 567 564 614 operati
583 567 656 601 sunt
672 579 814 601 mortem
831 567 864 601 in
882 565 993 601 medio
1011 565 1145 614 paradifi
1163 567 1198 600 ὅ(
1213 566 1328 601 lucifer
1355 567 1390 600 in

361 619 473 655 medio
497 620 570 665 celi,
596 619 638 654 fic
655 621 755 665 Deus,
774 633 829 655 rex
849 620 966 664 noster,
989 633 1128 666 operatus
1149 623 1188 666 est
1199 621 1334 666 salutem
1358 622 1389 654 in

361 676 459 709 medio
477 687 555 709 terre
572 673 711 718 (psalm,
719 682 855 715 LXXIII,
872 686 882 708 1
898 674 940 717 1),
951 673 1080 717 scilicet,
1092 672 1126 707 in
1137 673 1315 718 Ierusalem,
1325 686 1390 720 que

362 727 407 762 est
424 726 594 762 umbilicus
612 739 704 762 terre.
727 727 804 771 1051,
822 736 864 761 111
884 725 986 774 (32):
1006 740 1024 756 α
1040 729 1074 760 1η
1092 739 1188 760 monte
1204 727 1283 772 Syon
1304 727 1335 761 δ’
1358 730 1389 761 in

360 782 520 828 Ierusalem
539 781 759 827 eritsalvacio‚
775 796 792 811 n
822 778 876 814 ubi
894 792 997 827 agnus
1014 780 1046 814 in
1070 791 1165 814 cruce
1181 779 1260 814 vicit
1276 781 1389 815 leonem

360 838 537 882 rugientem,
555 833 590 869 id
606 834 650 869 est
667 835 831 877 diabolum,
851 837 904 879 qui
917 836 1034 878 circuit,
1047 834 1112 867 &c.
1131 834 1165 877 (1
1180 833 1317 878 Petr.‚-v‚
1332 833 1384 882 8).

362 891 461 923 Item:
480 889 568 923 Sicut
585 901 672 935 aqua
689 888 823 922 veniens
837 900 914 922 cum
930 887 1055 934 impetu
1073 885 1258 921 mundat&
1270 899 1391 935 purgat
1403 901 1426 923 Α
1437 899 1454 923 f.
1463 899 1492 929 58
1504 899 1526 929 b,
1536 907 1556 922 e.
1567 906 1588 922 ι

362 940 489 986 fossata,
511 941 551 976 fic
569 954 646 976 crux
665 940 804 975 mundat
816 940 919 975 corda
937 952 1158 987 peccatorum.
1179 940 1250 975 Sitis
1263 953 1343 989 ergo
1356 941 1390 976 in

362 1008 467 1039 cruce,
477 1007 511 1029 ut
525 996 708 1029 mundemini
721 996 757 1028 ab
770 997 852 1029 omni
866 997 1086 1040 inquirwmento
1097 998 1198 1029 carnis
1210 995 1241 1029 ἃ
1245 996 1389 1042 spiritus,

362 1060 397 1083 ut
414 1047 494 1083 dicit
510 1048 688 1095 Apostolus
709 1047 746 1095 (2
766 1048 862 1092 Cor.⁷
876 1057 939 1091 vn,
964 1049 1007 1094 1).

412 1103 516 1135 Item:
543 1102 576 1135 In
599 1113 716 1148 quarto
747 1101 875 1149 Regum
904 1099 969 1148 (vl,
994 1112 1019 1148 4
1046 1101 1130 1149 seq.)
1156 1100 1282 1146 dicitur,
1300 1101 1392 1149 quod

363 1154 497 1202 quidam
531 1153 573 1188 ad
607 1153 779 1189 Iordanem
809 1153 970 1189 cedebant
1002 1154 1102 1202 ligna,
1137 1166 1172 1189 ut
1205 1154 1394 1191 edificarent

362 1207 418 1243 fibi
437 1206 591 1252 domum3
621 1207 740 1242 ferrum
773 1223 790 1238 <r
804 1209 925 1254 securis
951 1211 1040 1242 unius
1065 1211 1194 1242 hominis
1224 1211 1334 1243 cecidit
1360 1211 1391 1243 in

364 1275 455 1307 aqua,
473 1261 503 1295 δ’
523 1264 586 1308 ipse
603 1261 746 1295 clamavit
762 1263 802 1295 ad
819 1262 979 1307 Helyseum
998 1263 1099 1295 dicens
1114 1278 1123 1295 .·
1141 1263 1221 1306 Heu,
1238 1265 1303 1305 lzeu,
1324 1264 1391 1297 ‘Do-

362 1318 441 1349 mine
459 1316 511 1357 mi,
535 1316 591 1348 hoc
618 1316 714 1361 ipsum
742 1327 841 1348 mutuo
864 1328 1044 1360 acceperam.
1074 1318 1167 1349 Dixit
1183 1327 1280 1349 autem
1297 1316 1392 1360 Hely-

353 1369 430 1414 seus
449 1384 459 1401 .·
481 1369 543 1401 Ubi
563 1369 699 1402 cecidit?
728 1371 777 1402 cAt
799 1369 855 1402 ille
876 1370 1046 1412 monstravit
1066 1371 1094 1402 ei
1115 1368 1220 1402 Iocum.
1256 1370 1393 1403 Pte-cidit

364 1434 437 1467 ergo
455 1421 602 1467 Helyseus
620 1422 738 1468 lignum
756 1421 786 1455 G·
808 1424 885 1465 mifit
909 1421 988 1454 illud
1012 1423 1053 1455 ad
1076 1422 1172 1455 locum
1190 1422 1288 1465 illum,
1307 1435 1392 1456 nata-

361 1478 461 1520 vitque
473 1476 595 1516 ferrum
613 1477 653 1509 ad
669 1476 785 1521 lignum
804 1475 834 1509 δ’
852 1477 918 1508 ait:
937 1474 1026 1509 Tolle
1035 1490 1046 1514 ,·
1062 1478 1115 1520 qui
1132 1477 1261 1510 extendit
1276 1489 1392 1510 manum

362 1528 392 1562 ἃ
418 1529 490 1563 tulit
515 1528 604 1562 illud.
624 1543 641 1558 n
679 1528 734 1563 Per
763 1527 940 1573 Helyseum
968 1526 1110 1576 signatur
1143 1527 1301 1573 Christus,
1336 1542 1394 1577 per

361 1580 489 1628 lignum
508 1593 596 1625 crux,
625 1594 683 1628 per
702 1581 833 1625 sermm,
855 1580 946 1628 quod
966 1581 1026 1616 fuit
1042 1580 1160 1616 durum
1177 1583 1211 1616 &
1228 1581 1393 1631 stigidum,

362 1633 563 1682 significatur
590 1647 804 1682 peccatorum
824 1634 959 1683 frigidus
978 1635 1012 1670 in
1030 1636 1161 1670 caritate
1178 1637 1212 1670 &
1227 1635 1394 1671 induratus

362 1687 395 1722 in
413 1688 567 1735 peccatis.
587 1688 760 1736 Qoniam
778 1687 856 1723 ficut
874 1688 994 1723 ferrum
1007 1687 1087 1723 illud
1104 1687 1146 1723 de
1164 1689 1271 1724 lutoso
1289 1689 1394 1724 fundo

363 1753 522 1787 aquarum
537 1741 659 1776 sursum
669 1741 864 1776 movebatur
873 1740 915 1776 ad
923 1741 1051 1789 lignum
1061 1743 1095 1777 &
1105 1740 1146 1776 fic
1155 1742 1197 1777 ad
1206 1742 1392 1787 Helyseum,

363 1793 408 1828 ita
424 1806 579 1841 peccator
589 1793 630 1829 de
639 1794 864 1842 profunditate
882 1795 1022 1838 malicie,
1038 1808 1101 1842 que
1111 1795 1155 1830 est
1169 1807 1239 1830 tum
1256 1796 1290 1830 in
1306 1797 1394 1844 gula,

362 1859 433 1882 tum
450 1847 483 1881 in
501 1846 625 1882 luxuria
642 1849 676 1882 &
693 1847 726 1882 in
750 1847 829 1891 aliis,
848 1860 999 1883 movetur
1022 1847 1064 1883 ad
1085 1861 1215 1884 crucem
1237 1850 1271 1884 &
1288 1850 1318 1884 ei
1335 1848 1395 1884 ad-

362 1899 453 1935 heret
470 1901 504 1934 &
517 1901 563 1935 ita
577 1901 726 1948 pervenit
742 1900 784 1935 ad
800 1901 975 1946 Christum,
989 1901 1075 1937 unde
1084 1902 1174 1946 illud,
1190 1906 1242 1937 bec
1257 1906 1296 1948 est
1303 1904 1394 1949 scala

356 1966 559 2001 peccatorum,
581 1955 659 1999 &c.‚
684 1955 719 1989 ἃ
739 1955 773 1989 in
798 1954 984 2003 Evangelio,
1010 1971 1029 1986 α
1048 1957 1085 1990 si
1097 1957 1244 1990 exaltatus
1260 1959 1354 2001 fuero
1376 1971 1394 1991 a

362 2019 454 2051 terra,
472 2021 489 2037 υ
506 2007 569 2042 &c.
589 2006 731 2050 (loann,
746 2017 814 2053 ΧΠ,
834 2007 904 2056 36).

411 2059 482 2107 Qui
499 2072 637 2108 pugnat,
653 2062 697 2095 est
716 2062 749 2096 in
767 2074 855 2096 metu
868 2063 991 2107 mortis,
1005 2075 1067 2097 nec
1080 2061 1177 2098 debet
1190 2063 1328 2106 onerari,
1341 2062 1394 2097 sed
1408 2077 1432 2101 A
1444 2078 1460 2100 f.
1472 2084 1501 2108 59
1509 2086 1531 2107 2,
1541 2085 1560 2100 c.
1574 2083 1594 2100 ι.

363 2111 461 2150 debet
477 2126 560 2148 onus
575 2113 616 2148 ab
635 2127 675 2149 eo
692 2115 773 2161 tolli,
782 2127 817 2149 ut
825 2115 892 2163 ipse
906 2114 941 2149 fit
950 2116 1051 2165 agilis.
1067 2116 1182 2151 Merito
1199 2129 1279 2169 ergo
1297 2115 1395 2153 debet
