1624 2788
370 243 437 285 150
616 243 729 270 LIBER
747 242 901 269 DUELLII
919 241 1144 268 CHRISTIANI

294 371 352 396 ηις
366 354 483 400 modo,
501 366 704 390 remanentes
722 355 756 388 in
775 352 899 397 sabulo,
920 350 1043 388 civibus
1057 363 1178 387 nocere
1194 363 1394 399 poteramus,

367 421 554 445 convocato
568 409 719 451 exercitu,
735 406 827 442 dixit:
842 408 924 454 Qid
928 408 1076 452 facimus,
1091 406 1253 450 carzffimi?
1267 407 1395 441 §nelias

366 466 406 508 est
422 465 510 498 nobis
533 465 610 497 mori
636 465 667 496 in
685 462 776 504 bello,
797 475 885 506 quam
911 463 943 495 in
956 473 1046 506 parte
1065 462 1107 493 ἰια
1133 462 1232 494 vivere
1249 462 1393 506 captivat,

260 528 322 551 Febr.
331 535 353 551 α.
367 517 579 564 precepitque
604 514 768 559 omnibus,
797 525 832 549 ut
856 512 957 549 essent
983 513 1087 561 parati
1113 513 1147 546 in
1174 511 1396 549 Purificatione

367 571 484 606 Sanete
502 570 611 605 Marie.
639 569 708 616 Qui
733 580 849 602 omnes
870 567 999 602 summo
1021 565 1166 601 diluculo
1188 565 1296 600 coccis
1312 567 1347 601 &
1363 567 1396 601 in

367 623 489 673 galeis¹
524 622 737 658 ascenderunt
761 623 795 656 &
825 634 882 668 per
904 619 1027 655 flumen
1045 621 1199 668 navigare
1226 631 1393 667 ceperunt.

366 677 445 711 Mox
466 688 555 711 tanta
581 688 653 711 orta
678 676 722 710 est
743 675 913 723 tempestas
938 675 970 710 in
991 677 1064 709 aere
1082 687 1157 708 cum
1175 686 1273 720 aqua,
1298 686 1397 721 gran-

366 730 443 765 dine
460 731 494 765 &
512 730 646 778 frigore,
672 728 764 776 quod
791 728 879 763 nulla
905 726 946 762 de
968 726 1104 763 navibus
1128 727 1242 762 nostris
1265 725 1398 762 videbat

366 784 478 828 aliam,
507 785 542 818 &
567 783 668 818 multe
694 795 733 817 ex
754 783 799 817 eis
817 782 992 817 retroverse
1019 781 1100 816 sunt.
1135 780 1180 815 {lli
1196 792 1316 824 autem,
1341 781 1397 827 qui

366 836 490 872 flumen
516 836 716 881 transierunt,
744 835 905 884 grandem
932 834 1155 882 tempestatem
1179 846 1237 881 per
1254 832 1396 868 triduum

366 890 446 939 paffi
463 891 543 926 sunt.

415 944 499 979 XIV.
519 944 669 979 Similiter
685 943 851 978 Sarraceni
873 954 943 977 non
966 942 1072 977 minus
1091 953 1161 975 non
1179 952 1331 988 poterant
1348 943 1397 977 vi-

368 997 443 1032 dere
468 1010 529 1032 nos
551 1010 612 1032 nec
633 998 742 1032 venire
762 995 804 1031 ad
826 1009 899 1041 nos,
924 1008 1031 1042 neque
1054 1007 1115 1029 nos
1142 1006 1330 1042 p0teramus
1353 996 1396 1031 ire

367 1050 410 1086 ad
438 1064 502 1086 eos.
528 1051 623 1086 Tunc
648 1051 764 1085 milites
782 1050 953 1094 christiani,
978 1049 1045 1083 fere
1072 1047 1113 1083 de
1139 1046 1250 1083 divina
1278 1048 1396 1084 miseri-

368 1104 481 1139 cordia
505 1104 674 1152 desperati,
702 1104 794 1138 illum
823 1104 1012 1138 Daviticum
1041 1100 1216 1136 cantabant
1245 1102 1396 1138 versum:

370 1159 492 1193 Oblitus
514 1162 553 1203 est
575 1161 672 1203 Deus,
698 1161 806 1193 avertit
817 1159 935 1203 faciem
944 1158 1047 1203 suam,
1072 1169 1107 1189 ne
1129 1157 1231 1190 videat
1257 1158 1287 1190 in
1301 1158 1396 1200 finem

367 1212 492 1259 (Psalm.
511 1221 563 1256 IX,
585 1213 654 1260 31).
673 1211 842 1259 Ceperunt
867 1223 978 1245 tamen
997 1210 1181 1244 Dominum
1209 1207 1344 1244 adorare
1362 1211 1396 1245 &

367 1265 487 1300 dicere:
515 1266 571 1310 Tu,
590 1268 732 1308 Domine,
750 1268 802 1311 qui
818 1267 917 1299 omnia
936 1266 1021 1309 nosti,
1040 1276 1195 1309 antequam
1201 1265 1295 1308 fiam,
1302 1264 1396 1309 serva

366 1334 431 1364 nos,
447 1333 575 1367 protege
594 1333 648 1354 nos
665 1321 702 1353 ab
720 1320 778 1353 illa
795 1331 883 1365 gente
893 1318 1034 1365 perversa
1053 1316 1083 1350 δ’
1100 1318 1245 1362 nefanda,
1264 1331 1300 1351 ne
1308 1319 1397 1361 forte

367 1378 467 1410 dicant
490 1377 520 1408 in
539 1375 678 1420 gentibus
693 1390 702 1407 .·
729 1372 798 1408 UBI
815 1380 884 1406 EST
903 1380 998 1406 DEUS
1016 1372 1175 1405 EORUM?
1201 1372 1287 1404 ‘Deus
1303 1373 1398 1405 cruci-

358 1432 433 1474 fixe,
459 1429 568 1463 adiuva
592 1440 658 1470 nos,
686 1439 717 1460 ut
735 1439 792 1460 non
810 1429 905 1472 fimus
929 1431 1189 1459 SUBSANNACIO
1219 1432 1272 1458 ET
1299 1433 1399 1459 ILLU-

367 1492 423 1517 s10
455 1491 524 1526 ms,
559 1490 625 1520 Qm
657 1489 695 1515 IN
729 1477 915 1514 elkcmTu
946 1486 1096 1512 nosTko
1127 1479 1241 1512 SUNT!
1273 1477 1398 1523 (Psalm.

367 1546 471 1580 xmu,
495 1534 562 1584 ¹3·)

414 1589 487 1624 XV.
513 1587 678 1623 Exaudivit
699 1599 809 1622 autem
826 1586 989 1621 Dominus
1004 1597 1116 1633 preces
1137 1584 1259 1619 nostras
1275 1585 1310 1619 &
1327 1596 1399 1620 tan-

369 1657 438 1679 tam
457 1643 564 1690 posuit
584 1643 668 1677 inter
686 1642 771 1676 cives
790 1639 852 1675 sive
870 1641 1062 1675 Sarracenos
1080 1637 1288 1683 discordiam,
1307 1637 1400 1685 quod

369 1696 519 1732 soldanus
547 1709 649 1731 unum
680 1695 721 1730 de
747 1694 902 1729 amit-ariis
932 1694 991 1728 suis
1023 1693 1100 1727 fecit
1126 1691 1245 1727 occidi.
1281 1692 1401 1740 Pagani

369 1763 479 1786 autem
500 1750 603 1799 fugati
630 1750 702 1784 sunt
725 1762 744 1783 a
771 1749 890 1783 Saneto
909 1748 1073 1795 Gemgio,
1105 1747 1160 1794 qui
1177 1745 1223 1781 ibi
1238 1745 1400 1793 apparuit,

370 1804 593 1853 fugientesque
611 1804 667 1838 sua
683 1803 823 1838 tentoria
836 1801 1045 1849 reliquerunt,
1059 1813 1123 1848 que
1134 1812 1223 1835 exn-a
1237 1800 1402 1834 civitatem

371 1857 583 1894 tetenderant.
614 1857 699 1891 Tam
719 1856 891 1903 precipites
921 1867 1030 1890 autem
1058 1855 1091 1889 in
1119 1854 1198 1902 fuga
1225 1853 1401 1897 exiverunt,

371 1911 463 1960 quod
489 1923 581 1959 pater
602 1923 670 1945 non
700 1907 904 1957 exspee'tabat
926 1908 1040 1952 filium,
1070 1920 1140 1943 non
1163 1906 1246 1941 filius
1263 1917 1401 1954 patrem,

371 1965 426 2001 sed
455 1965 568 1999 omnia
592 1964 646 1998 sua
671 1976 746 2010 cum
776 1962 979 1997 festinatione
1004 1961 1211 2009 reliquerunt,
1242 1959 1332 1995 nullo
1360 1959 1403 1994 de

372 2018 543 2053 christiano
557 2018 696 2053 exercitu
711 2029 767 2051 eos
781 2016 1002 2064 persequente.
1020 2016 1121 2062 Super
1134 2014 1278 2050 novitate
1292 2025 1403 2048 autem

413 2135 422 2151 1
441 2126 497 2152 Cod.
516 2125 593 2159 scalis‚·
608 2124 754 2158 corrigimus
768 2124 836 2149 codd.
851 2123 874 2148 E
891 2122 919 2147 ὅ
928 2122 949 2146 L
953 2121 1059 2156 sequuti.
