1624 2788
367 276 416 314 φο
817 274 944 301 GESTA

269 400 275 406 ·
296 401 354 424 ηις
368 399 451 430 rum,
477 398 585 433 zapas,
599 385 730 433 palleas,
742 386 777 420 &
790 385 912 420 multos
923 384 1032 420 mulos
1045 396 1198 420 oneratos
1210 383 1395 431 herbarum,

201 1309 273 1340 April.
286 1316 350 1340 7-15-

262 1627 317 1657 Maj.
331 1634 350 1658 5.

367 440 444 486 quia
456 439 611 475 volebant
629 439 798 487 reimplere
816 437 971 474 foffatum
984 440 1018 474 ὅ(
1031 451 1088 473 eos
1102 451 1122 473 a
1134 437 1267 474 sablone
1281 451 1396 475 exuere

366 495 400 527 &
424 494 542 528 intrare
556 494 756 538 Damiatam‚
781 494 816 527 &
832 493 1024 540 inceperunt
1038 492 1178 540 prelium
1198 505 1267 527 tam
1283 492 1397 528 crude-

365 547 448 592 liter,
477 546 570 594 quod
588 559 663 581 ante
680 559 836 581 auroram
853 546 953 593 usque
978 545 1021 581 ad
1044 548 1179 582 noe‘cem
1197 545 1335 592 duravit,
1361 548 1397 582 δε

366 601 530 635 Dominus
559 601 666 635 noster
696 601 776 636 Iesus
806 601 950 636 Christus
981 612 1107 635 tantam
1135 601 1276 649 gratiam
1306 599 1397 636 dedit

365 654 566 698 Christianis,
596 653 689 701 quod
715 654 786 702 plus
803 667 904 701 quam
920 668 942 690 v
958 654 1059 689 millia
1081 667 1121 689 ex
1141 654 1200 689 ilh's
1225 654 1397 689 interfece-

365 719 439 742 runt
464 709 499 742 δε
525 706 589 742 fine
612 721 750 743 numero
776 708 1028 743 vulneraverunt
1055 709 1090 743 &
1116 707 1311 743 reduxerunt
1338 721 1396 743 eos

366 762 465 808 usque
483 760 525 796 ad
550 759 705 796 foffatum
723 762 876 796 Damiate
895 763 930 796 δε
947 760 989 796 de
1005 774 1068 797 xxx
1083 761 1180 810 lignis
1197 774 1302 796 unum
1319 774 1397 796 cum

365 815 471 850 multis
490 815 589 862 turgis
606 816 640 850 &
658 827 726 849 uno
745 816 896 850 amirario
915 827 1082 863 ceperunt,
1108 817 1143 850 &
1164 816 1209 850 ita
1222 814 1397 850 Christiani

364 867 609 904 celebraverunt
635 870 778 904 Palmam
804 882 881 904 cum
911 870 1017 904 armis.
1043 869 1156 904 Sciatis
1173 880 1270 913 certe,
1303 869 1396 917 quod

364 922 547 967 Christiani,
577 923 634 970 qui
659 924 782 958 mortui
805 924 886 968 sunt,
913 936 1025 958 veram
1052 923 1199 970 palmam
1224 922 1267 958 ad
1285 924 1395 958 Deum

363 988 586 1023 portaverunt,
602 988 637 1010 ut
651 977 695 1011 ait
709 976 884 1011 Psalmista:
903 978 996 1021 Iustus
1014 989 1047 1010 ut
1058 977 1165 1022 palma
1178 978 1396 1025 florebit,ficur

363 1032 468 1064 cedrus
477 1032 583 1064 Libani
593 1030 843 1077 multiplicabitur
855 1029 983 1074 (Psalm.
998 1039 1073 1074 XCI,
1090 1042 1100 1065 1
1111 1029 1156 1074 2).
1164 1029 1263 1065 Nulla
1272 1030 1396 1077 quippe

363 1082 507 1118 humana
526 1083 640 1131 lingua
662 1083 737 1118 sane
761 1083 868 1130 potest
890 1082 1050 1129 explicare
1079 1082 1231 1128 miserias,
1257 1095 1396 1130 pauper-

364 1148 454 1181 tates,
494 1148 670 1182 tormenta‚
701 1136 852 1186 langores
882 1137 917 1171 &
941 1135 1153 1181 infirmitates,
1178 1148 1258 1183 quas
1287 1135 1396 1171 Chris-

363 1191 443 1224 tiani
468 1190 501 1225 in
529 1189 699 1225 obsidione
714 1190 867 1225 Damiate
886 1202 948 1237 pro
966 1202 1079 1225 amore
1097 1189 1163 1224 Iesu
1181 1188 1299 1224 Christi
1318 1188 1396 1237 paffi

365 1244 493 1278 fuerunt
511 1256 572 1291 pro
590 1243 656 1278 fide
674 1243 932 1279 Christianitatis.

412 1297 519 1332 XXIII.
539 1299 572 1332 In
596 1298 714 1333 offiava
735 1297 984 1332 Resurreffionis
1002 1297 1079 1332 fecit
1096 1295 1250 1331 dominus
1268 1295 1395 1344 legatus

364 1350 463 1385 talem
480 1349 722 1398 indulgentiam
740 1349 894 1386 omnibus
907 1349 1096 1385 hominibus
1114 1348 1299 1386 volentibus
1315 1349 1396 1384 stare

363 1403 406 1438 ad
422 1404 557 1439 Terram
575 1404 729 1439 SanC’tam
748 1403 992 1439 defendendam
1006 1404 1107 1451 usque
1125 1402 1167 1438 ad
1182 1402 1271 1438 aliud
1290 1401 1396 1451 passa-

363 1458 467 1505 gium,
485 1457 579 1504 quod
598 1456 787 1493 absolvebat
801 1458 947 1492 animam
959 1457 1060 1506 patris
1076 1458 1111 1492 &
1124 1458 1245 1502 matris,
1263 1456 1396 1492 fratrum

363 1512 397 1545 &
415 1511 574 1556 sororum,
602 1510 709 1545 uxoris
726 1512 760 1545 &
777 1510 920 1546 filiorum
944 1509 986 1545 de
1007 1508 1161 1545 omnibus
1182 1509 1337 1558 peccatis,
1354 1507 1396 1544 de

364 1563 481 1612 quibus
498 1564 713 1612 penitentiam
730 1575 929 1612 receperunt.
1180 1562 1184 1566 ’

412 1617 527 1653 XXIV.
548 1620 581 1652 In
596 1617 705 1652 mense
718 1617 830 1652 Madio
844 1617 1009 1664 sequente,
1026 1615 1079 1651 die
1093 1615 1273 1651 Dominico
1287 1615 1395 1663 primo

365 1669 478 1704 menfis
507 1670 652 1705 eiusdem
677 1669 743 1704 dux
768 1670 810 1705 de
835 1670 984 1705 Osterica
1010 1670 1070 1704 iter
1094 1669 1272 1717 navigandi
1293 1670 1329 1704 δε
1352 1667 1396 1703 ad

365 1724 504 1770 patriam
531 1724 620 1758 suam
647 1722 806 1758 redeundi
832 1724 966 1771 incepit,
993 1721 1081 1758 unde
1102 1722 1277 1758 Christiani
1300 1721 1396 1758 valde

365 1777 437 1812 sunt
457 1777 644 1821 contristati,
671 1776 824 1812 soldanus
849 1778 883 1812 &
904 1775 1108 1812 Corradinus
1125 1775 1302 1824 plurimum
1323 1775 1396 1810 sunt

363 1829 515 1919 gagia-V.
544 1885 576 1919 In
595 1882 706 1919 medio
726 1882 838 1919 Madio
856 1884 945 1920 venit
970 1882 1123 1919 soldanus
1140 1883 1175 1918 &
1191 1880 1394 1918 Corradinus

362 2006 445 2031 nostro
459 2012 621 2039 cooperante,
639 2006 681 2040 qui
692 2006 775 2032 omnia
788 2007 855 2032 bona
865 2005 939 2032 servis
952 2007 976 2032 δι
989 2005 1103 2031 fidelibus
1117 2005 1294 2039 temperatur,
1311 2003 1394 2030 Chris-

362 2045 422 2070 niani
438 2045 471 2071 eis
493 2047 595 2080 egregie
613 2046 752 2072 restiterunt
772 2047 795 2071 &
813 2055 870 2071 cum
888 2045 922 2071 eis
942 2045 1055 2071 bellicose
1073 2049 1212 2079 pugnantes
1227 2043 1280 2070 illos
1296 2044 1391 2077 supera-

363 2090 450 2111 verunt
467 2086 491 2111 &
509 2085 572 2111 inter
595 2087 712 2120 Paganos
729 2087 752 2112 δι
777 2087 925 2111 Sarracenos
943 2085 1002 2119 plus
1012 2084 1078 2110 mille
1090 2083 1272 2110 interfecerunt.
1286 2082 1394 2109 Duravit

362 2134 470 2159 namque
485 2125 576 2151 bellum
591 2132 641 2151 tres
655 2125 707 2150 dies
723 2127 746 2151 δι
762 2126 854 2151 ηοξὶοε.
869 2124 1001 2151 νίξίοῐίαῐῐι
1019 2132 1140 2158 magnam
1153 2123 1293 2149 habuerunt
1310 2122 1393 2149 Chris—

362 2164 421 2190 ziani
436 2164 459 2190 in
474 2174 489 2190 o
504 2166 613 2199 eprelio3
626 2165 720 2199 gratias
735 2166 792 2191 Deo
807 2165 934 2191 dicamus!
