1624 2788
424 273 492 298 220
839 271 1066 298 PROPHETIA

420 369 455 403 O
473 368 597 417 Egipte‚
622 383 661 405 ve
686 369 764 406 tibi!
796 370 955 417 quoniam
973 367 1142 405 vocaberis
1167 369 1269 405 Terra
1285 368 1399 418 Nigra,
1415 371 1450 406 &

419 421 512 456 huius
529 423 672 457 nominis
689 421 847 471 expositio
865 422 926 458 hec
951 423 1011 458 est.
1033 423 1133 458 Terra
1161 435 1297 471 propter
1313 435 1451 471 peccata

419 474 600 524 denigrata,
637 477 714 525 igne
738 475 947 511 combureris
977 475 1059 524 (24)
1088 475 1154 511 Et
1146 488 1180 511 tn
1205 474 1319 511 diebus
1349 477 1450 512 macri

418 528 560 563 hominis
578 530 798 577 prenominati
816 528 1015 565 subvertetur
1034 529 1202 564 Ierusalem
1214 530 1249 565 &
1261 541 1363 565 turres
1382 531 1449 565 eius

418 595 457 616 ac
474 583 583 617 menia
601 582 779 618 diruentur.
814 584 895 631 (25)
925 582 1007 617 flete
1033 583 1126 631 super
1152 595 1226 617 eam
1253 595 1369 618 omnes
1393 584 1450 631 qui

418 634 568 670 habitatis
590 636 705 671 orbem
721 639 728 672 1
749 636 784 672 Et
800 634 928 671 dabitur
945 635 1042 671 dolor
1058 636 1152 684 super
1168 636 1319 684 Egiptum
1338 637 1450 672 miser-

417 689 545 724 rimam.
565 689 644 735 (26)
666 690 761 724 Tunc
780 688 987 725 vastabuntur
1009 689 1101 724 Chus
1123 691 1158 724 δε
1178 689 1318 734 Xucam‚
1345 689 1380 725 id
1405 690 1450 725 est

418 740 546 776 nobiles
562 742 627 777 due
645 743 789 778 civitates
806 743 839 777 in
858 743 986 791 Egipto,
1013 745 1048 778 ὃ(
1070 755 1140 778 non
1158 742 1374 778 remanebunt
1392 742 1448 778 nisi

418 795 550 844 vestigia
573 797 751 831 civitatum.
777 795 829 831 Ab
847 796 963 844 Egipto
989 797 1145 831 exercitus
1175 795 1318 831 transibit
1342 797 1449 832 versus

417 849 578 883 orientem
595 861 672 883 cum
694 849 818 897 impetu
837 851 871 884 &
888 848 1079 884 fortitudine
1105 862 1228 897 magna
1254 848 1342 896 quasi
1367 849 1448 885 dilu-

417 902 506 937 vium
525 902 577 937 vel
596 914 719 937 torrens
737 901 936 938 descendens
954 902 995 938 de
1021 902 1199 938 montibus.
1229 902 1308 951 (27)
1327 903 1361 938 Et
1378 904 1449 950 qui-

417 954 495 990 dam
521 954 563 990 de
589 954 692 990 nobili
719 968 839 1004 genere
863 956 971 991 veniet
988 957 1023 991 &
1048 955 1225 1003 occupabit
1246 957 1449 992 Damascum

417 1007 595 1043 &intrabit
611 1010 646 1043 &
659 1010 766 1056 capiet
779 1009 978 1052 Dorhamor,
998 1022 1061 1056 que
1079 1010 1124 1044 est
1140 1009 1223 1044 ultra
1237 1010 1448 1056 Damascum,

417 1063 451 1096 &
476 1074 574 1097 terras
599 1061 794 1107 adiacentes,
821 1064 855 1097 ὅ(
880 1062 1038 1098 tenebunt
1064 1075 1124 1110 per
1147 1075 1273 1098 annum
1300 1065 1335 1098 ὅ(
1363 1063 1447 1099 duos

417 1116 550 1150 menses
586 1115 667 1163 (28)
699 1116 818 1151 Venite
839 1116 990 1151 homines
1008 1115 1116 1151 subtus
1134 1116 1318 1164 campanile
1329 1117 1392 1162 (?),
1412 1118 1447 1152 &

417 1168 556 1216 plorate,
570 1181 736 1204 tantorum
750 1169 951 1217 populorum
965 1168 1115 1205 videbitis
1127 1170 1236 1218 capita
1250 1169 1398 1207 absciffa!
1412 1172 1448 1206 &

416 1222 450 1257 in
467 1222 532 1256 hoc
550 1223 690 1257 termino
706 1221 856 1258 videbitis
874 1236 996 1271 magna
1009 1225 1043 1258 ὃ(
1057 1222 1207 1258 miranda
1224 1225 1258 1258 δι
1275 1223 1447 1270 miseriam,

417 1276 451 1309 ὃ(
468 1275 579 1323 ampla
594 1275 670 1310 loca
690 1275 868 1311 efficientur
889 1277 1004 1320 stridla,
1032 1277 1066 1311 &
1083 1275 1192 1312 videte
1208 1276 1250 1311 ad
1268 1276 1348 1324 quid
1365 1289 1448 1313 terra

417 1408 515 1438 truite.
531 1412 591 1448 (23)
612 1407 662 1437 Ha
676 1406 813 1447 Egypte!
830 1407 869 1437 ha
883 1406 1016 1448 Egypte!
1033 1405 1102 1437 lasse
1117 1408 1160 1438 toi
1175 1407 1206 1438 δε
1220 1407 1343 1440 dolours
1360 1408 1416 1440 soit
1429 1420 1447 1441 a

417 1453 470 1491 toi,
484 1463 535 1483 car
551 1461 582 1482 tu
598 1451 674 1483 seras
689 1451 794 1492 apelee
810 1452 896 1482 noire
912 1460 985 1490 tere,
1000 1451 1030 1483 &
1045 1460 1094 1482 tex
1110 1452 1152 1482 est
1166 1452 1193 1483 le
1209 1452 1393 1493 expofitions
1409 1455 1446 1485 de

416 1498 498 1528 chest
513 1505 593 1527 mot:
619 1496 703 1527 Tere
728 1497 906 1527 ennoirchie
927 1508 1005 1537 pour
1026 1496 1070 1528 les
1092 1497 1226 1537 pechies,
1247 1506 1279 1528 tu
1294 1497 1372 1529 seras
1386 1497 1446 1529 arse

416 1553 470 1582 par
485 1542 525 1572 fu.
551 1542 610 1581 (24)
627 1541 669 1572 Et
683 1541 711 1572 el
726 1549 792 1572 tans
814 1541 851 1571 de
873 1552 907 1571 ce
921 1541 1028 1582 graille
1048 1542 1174 1572 homme
1189 1541 1446 1582 serajherusalem

416 1586 569 1625 destruite,
593 1585 622 1616 &
644 1586 672 1616 le
694 1594 778 1616 tours
800 1585 829 1616 &
850 1585 869 1616 li
893 1596 962 1616 mur
982 1587 1152 1617 acravente.
1177 1587 1236 1627 (25)
1259 1586 1382 1618 Toutes
1402 1587 1446 1618 les

414 1642 488 1672 gens
505 1630 627 1671 ploures
642 1641 721 1671 pour
742 1629 770 1660 le
786 1629 897 1660 dolour
915 1631 952 1661 de
962 1630 1152 1670 Jherusalem
1167 1630 1196 1662 δι
1211 1639 1299 1661 mout
1322 1631 1359 1662 de
1373 1639 1446 1672 gent

415 1675 516 1706 seront
531 1674 669 1706 dolentes
685 1686 763 1715 pour
777 1675 805 1705 le
820 1675 929 1705 caitive
945 1673 1074 1715 Egypte.
1091 1675 1150 1711 (26)
1163 1675 1333 1716 Adonques
1348 1675 1446 1707 seront

415 1719 567 1762 degastees
582 1719 673 1750 Thus
689 1719 718 1749 &
733 1719 824 1750 Xuan
846 1719 886 1760 .ij.
901 1719 1009 1750 nobles
1030 1719 1127 1750 chites
1142 1719 1303 1761 d'Egypte,
1323 1717 1353 1750 &
1367 1718 1388 1750 si
1402 1721 1444 1751 n’i

414 1775 553 1795 remanra
567 1764 638 1794 nule
657 1764 725 1794 cose
740 1764 843 1802 d’eles,
865 1764 926 1794 fors
942 1763 984 1795 les
1001 1771 1105 1795 traces.
1122 1764 1160 1795 Li
1177 1775 1211 1795 os
1227 1763 1314 1795 istera
1328 1764 1358 1795 δι
1373 1764 1445 1795 tres·-

416 1808 527 1850 pass’era
548 1808 700 1850 d'Eg‘ypte
722 1819 775 1849 par
796 1817 882 1850 grant
907 1809 1004 1839 derroi
1020 1809 1048 1839 &
1065 1819 1118 1849 par
1132 1817 1221 1850 grant
1236 1809 1350 1847 forche,
1373 1808 1443 1839 auffi

414 1864 536 1884 comme
559 1864 614 1884 uns
635 1853 759 1884 deluves
781 1864 800 1883 o
816 1863 938 1883 comme
963 1863 1019 1883 uns
1040 1853 1162 1884 ruifiaus
1176 1861 1187 1878 ¹
1207 1853 1391 1884 descendans
1405 1863 1444 1884 en

415 1909 455 1928 un
471 1906 567 1936 mont,
589 1904 648 1938 (27)
670 1897 700 1928 δι
715 1908 770 1928 uns
787 1898 865 1928 hons
880 1898 917 1928 de
931 1906 1020 1938 gram
1040 1897 1132 1939 lignie
1146 1908 1239 1928 venta
1252 1897 1282 1928 &
1297 1897 1445 1938 prendera

416 1942 532 1973 Damas
547 1942 577 1973 &
592 1942 768 1973 Dothomar
790 1943 841 1983 qui
858 1941 899 1972 est
921 1950 1008 1973 outre
1025 1941 1151 1981 Damas,
1173 1942 1202 1973 δι
1217 1950 1317 1973 toutes
1332 1942 1375 1973 les
1390 1953 1444 1982 ap·-

415 1987 635 2027 partenanches
654 1994 774 2026 entour‚
795 1986 825 2017 &
847 1985 867 2016 fi
889 1986 932 2016 les
953 1995 1038 2017 tenra
1060 1997 1113 2027 par
1134 1997 1174 2017 un
1189 1996 1227 2017 an
1242 1985 1272 2017 &
1293 1987 1334 2028 .ij.
1355 1987 1443 2019 mois.

416 2032 476 2071 (28)
494 2032 526 2063 O
544 2042 629 2069 vous,
643 2032 768 2061 homme
790 2031 827 2061 de
846 2030 874 2061 la
888 2031 1098 2072 champaigne,
1122 2042 1216 2062 encor
1230 2033 1322 2063 venes
1343 2038 1444 2071 avant,

415 2075 445 2107 &
459 2075 479 2106 fi
495 2075 606 2116 plores,
627 2086 677 2106 car
692 2086 768 2106 vous
784 2076 883 2106 verres
898 2084 986 2118 mout
1002 2075 1040 2106 de
1055 2076 1138 2107 chies
1153 2076 1191 2107 de
1200 2086 1274 2117 gens
1285 2077 1407 2118 caupes,
1417 2084 1433 2100 ²

454 2169 463 2185 1
486 2160 542 2186 Cod.
560 2158 682 2184 rainfiaus.
698 2174 732 2178 —
746 2169 759 2184 2
778 2159 860 2184 Verba
872 2161 983 2193 quaedam
994 2159 1069 2192 omisit
1079 2159 1238 2193 amanuenfis.
