1624 2788
395 247 407 271 1
413 245 459 272 02
837 243 965 269 GESTA

314 372 374 396 ηις,
389 366 477 390 extra
494 355 595 390 castra
620 367 696 389 cum
721 354 814 390 omni
832 355 972 389 exercitu
995 353 1255 388 Christianorum
1273 353 1418 388 exierunt

387 410 422 443 &
438 409 545 444 versus
570 409 745 456 temptoria
764 408 970 456 paganorum
993 409 1183 443 catervatim
1199 417 1416 455 perrexerunt.

387 461 454 496 Illic
471 461 633 510 malignus
659 462 786 509 spiritus
812 462 846 496 in
864 461 1074 509 popularium
1099 460 1201 495 corda
1217 461 1362 503 intravit,
1383 460 1418 494 &

386 515 491 550 statim
517 527 602 550 retro
628 515 742 563 fugam
768 515 915 550 fecerunt
939 527 1007 549 non
1032 512 1170 562 impulfi,
1201 526 1263 548 nec
1282 513 1416 561 percussi

386 568 501 616 preli0,
516 581 624 615 neque
633 568 746 616 gladio
756 569 976 613 inimicorum,
989 567 1044 602 sed
1055 581 1113 615 per
1123 579 1259 615 peccata
1279 574 1288 589 ¹
1310 566 1416 601 homi-

387 634 467 656 num
484 634 570 656 retro
588 621 740 670 fugerunt
752 623 797 666 &‚
812 623 887 670 quia
896 623 1036 657 restores
1050 620 1211 665 viderunt,
1226 620 1338 669 fugere
1347 633 1414 663 eos,

386 674 568 710 habuerunt
586 673 755 710 confilium
771 674 962 710 revertendi.
980 675 1107 710 Tamen
1122 686 1256 722 propter
1274 674 1416 709 anxieta-

386 740 454 763 tem
473 728 618 763 fecerunt
635 741 736 763 unam
751 729 895 763 scheram
912 730 999 763 iuxta
1012 727 1147 772 flumen,
1166 739 1202 762 ut
1215 727 1364 762 homines
1381 728 1416 762 ὅ(

386 782 531 817 iumenta
558 781 714 817 biberent.
745 781 808 818 Sed
841 781 975 829 quidam
1003 781 1161 829 spavandi
1191 780 1232 816 de
1262 778 1415 815 omnibus

385 834 558 884 generibus
572 847 728 882 ceperunt
737 835 860 883 fugere,
875 835 1041 870 Sarraceni
1054 835 1167 870 fortius
1176 845 1333 882 ceperunt
1341 846 1413 881 pre-

383 889 465 933 liari‚
484 889 560 935 quia
577 887 734 924 videbant
751 887 842 935 poffe
862 889 1014 936 superari,
1033 887 1087 923 sed
1104 888 1244 922 Romani
1261 889 1295 922 &
1313 887 1415 922 Latini

384 942 418 976 in
435 941 544 976 media
561 941 630 976 acie
646 942 899 977 Sarracenorum
912 942 1086 976 construtffi
1102 940 1280 976 terribiliter
1293 940 1413 989 [erant]

385 995 570 1043 oppugnati
587 996 621 1029 &
638 995 754 1030 virtute
776 994 975 1030 debellantes
993 994 1113 1030 multos
1130 995 1332 1029 Sarracenos,
1351 993 1414 1029 Sed

383 1049 515 1083 Sanetus
534 1047 691 1083 lohannes
709 1048 813 1084 voluit
830 1047 949 1083 habere
966 1048 1087 1083 multos
1099 1048 1216 1092 socios,
1234 1048 1321 1095 quia,
1336 1046 1415 1082 ficut

382 1102 436 1137 ille
463 1102 522 1136 fuit
548 1100 751 1149 decapitatus
777 1114 911 1150 propter
929 1103 1050 1147 Deum,
1080 1102 1125 1136 ita
1150 1100 1325 1149 decapitari
1342 1101 1414 1136 sunt

383 1154 447 1190 fine
474 1167 612 1190 numero
639 1154 681 1190 de
706 1155 905 1200 Christianis,
931 1154 973 1190 de
991 1154 1195 1203 templariisl
1220 1154 1347 1199 milites,
1372 1153 1413 1189 de

383 1209 575 1244 Alamannis
608 1221 680 1252 xxx,
717 1208 759 1243 de
789 1208 1003 1256 hospitalariis
1032 1209 1115 1253 xitxij
1151 1209 1186 1243 ὃ(
1220 1209 1413 1243 camerarius

377 1263 466 1311 regis
484 1263 613 1298 francie
630 1264 665 1298 &
682 1262 764 1298 filius
777 1262 856 1308 eius,
873 1263 1046 1311 episcopus
1065 1260 1107 1296 de
1119 1261 1249 1298 Belvaio
1266 1263 1301 1297 &
1318 1262 1413 1298 frater

420 1392 430 1408 1
447 1383 472 1408 P.
491 1381 549 1416 legit
562 1387 609 1416 pro
627 1387 696 1408 textu
714 1382 788 1415 nostro
799 1381 945 1416 sequentia.-
968 1382 993 1407 δι
1007 1381 1158 1407 asesnetatem
1178 1389 1264 1407 eorum
1278 1380 1371 1406 sensum
1388 1381 1412 1406 &

381 1423 466 1449 lumen
479 1422 608 1448 oculorum
623 1422 792 1456 perdiderunt,
810 1421 845 1447 ita
858 1422 928 1456 quod
943 1430 1006 1447 unus
1026 1421 1101 1447 alium
1114 1421 1279 1447 interficiebat
1292 1421 1316 1447 δι
1333 1420 1413 1446 nullus

382 1469 444 1496 erat,
459 1463 501 1497 qui
516 1471 559 1488 eos
577 1469 660 1488 tenere
675 1462 763 1497 posset,
775 1463 799 1488 &
814 1462 936 1496 fugiendo
948 1462 981 1487 ad
995 1462 1074 1487 castra
1088 1461 1221 1487 redierunt.
1237 1461 1354 1487 videntes
1367 1461 1413 1487 hec

381 1503 498 1529 dominus
507 1503 604 1536 legatus
613 1503 636 1528 &
645 1501 788 1528 Ierosolime
800 1503 871 1528 rex&
878 1502 918 1535 alij
928 1501 1003 1528 viri&
1013 1501 1101 1527 milites
1109 1501 1206 1527 nobiles
1215 1501 1348 1535 plurimum
1358 1501 1413 1527 sunt
1427 1504 1453 1528 P.
1465 1503 1482 1528 f.
1495 1511 1536 1534 ¹¹3
1549 1505 1578 1528 C.

355 1544 364 1549 “
381 1543 483 1577 turbati,
496 1543 608 1575 tandem,
622 1542 718 1568 insimul
731 1551 818 1568 omnes
827 1542 986 1576 congregati,
997 1550 1055 1568 cum
1065 1541 1169 1567 inimicis
1177 1541 1280 1576 prelium
1291 1550 1412 1576 magnum

381 1583 566 1615 commiserunt,
573 1583 597 1608 &
607 1582 706 1608 duravit
713 1582 772 1608 illud
784 1582 876 1608 bellum
886 1592 902 1608 a
913 1591 985 1608 mane
993 1582 1070 1616 usque
1079 1582 1112 1608 ad
1122 1582 1244 1616 vesperas,
1252 1582 1336 1616 postea
1345 1587 1413 1608 utra-

381 1632 430 1658 que
442 1632 498 1658 pars
512 1622 650 1648 volontarie
665 1622 765 1648 seceffit.
785 1623 887 1648 Tamen
900 1623 932 1648 de
948 1622 1091 1648 Christianis
1105 1621 1176 1648 multi
1191 1622 1283 1648 mortui
1295 1622 1358 1656 sunt,
1370 1621 1410 1656 alij

381 1663 462 1697 fugati
473 1669 574 1697 propter
581 1662 692 1697 pondera
698 1671 826 1688 armorum
835 1663 858 1688 se
866 1663 1053 1697 prosternebant
1060 1662 1092 1687 ad
1100 1668 1202 1694 terram,
1210 1662 1235 1688 δι
1243 1661 1323 1688 taliter
1328 1661 1352 1687 in
1358 1662 1411 1696 ipso

380 1704 458 1738 prelio
467 1702 661 1728 innumerabiles
672 1702 727 1728 sunt
736 1702 861 1735 decollati,
874 1703 898 1728 &
909 1702 980 1728 multi
991 1702 1079 1727 milites
1088 1701 1210 1736 templarij
1221 1703 1245 1727 &
1258 1700 1410 1736 hospitalarii

380 1744 435 1769 sunt
448 1743 515 1777 capti
529 1744 553 1768 &
566 1743 658 1768 mortui
671 1743 696 1768 &
710 1742 839 1768 vulnerati.
852 1742 892 1768 Sic
906 1742 972 1768 enirn
987 1742 1086 1768 stultitia
1099 1743 1122 1768 δι
1139 1741 1293 1776 simplicitate
1306 1742 1412 1776 popula-

381 1784 443 1810 rium
455 1783 579 1809 credimus
591 1781 708 1816 placuiss'e
717 1782 831 1808 Domino
842 1783 925 1808 nostro
935 1783 1006 1808 lhesu
1017 1782 1128 1816 Christo;
1139 1782 1166 1807 sit
1176 1781 1226 1807 eius
1236 1790 1327 1807 nomen
1336 1783 1412 1807 bene-

381 1824 474 1850 die‘tum
483 1823 508 1849 in
518 1823 610 1849 secula!
624 1822 739 1848 Similiter
748 1822 852 1857 prelium
863 1822 887 1848 in
897 1822 1000 1848 flumine
1007 1822 1100 1848 faaum
1108 1822 1269 1857 perdiderunt
1280 1821 1411 1848 Christiani

380 1865 405 1890 δε
417 1872 493 1890 unam
514 1863 612 1898 galeam
635 1868 759 1888 armatam
773 1862 830 1888 viris
850 1863 1014 1896 prudentibus
1029 1862 1125 1896 Pagani
1144 1862 1285 1887 habuerunt
1297 1862 1322 1887 &
1337 1871 1411 1896 cepe-

380 1910 451 1938 runt‚-
474 1903 606 1938 populares
629 1903 695 1929 enim
718 1912 776 1929 curn
796 1902 911 1936 superbia
932 1903 957 1928 &
978 1902 1062 1928 furore
1083 1901 1168 1928 omnia
1187 1910 1262 1935 agere
1283 1902 1410 1928 volebant.

379 1945 537 1978 Ignorabant
549 1944 635 1976 etiam,
654 1943 712 1978 quia
731 1943 847 1977 scriptum
863 1943 912 1969 est:
926 1942 1040 1976 Superbis
1057 1943 1125 1968 Deus
1138 1941 1221 1975 refistit
1231 1941 1412 1968 &contradicit

381 1986 403 2017 [1
417 1985 495 2016 Petu,
507 1992 534 2016 v,
546 1985 580 2017 5].
597 1985 630 2010 Et
641 1984 685 2009 viri
697 1983 827 2018 sapientes,
840 1983 882 2017 qui
895 1983 1019 2017 peditibus
1030 1982 1196 2014 crediderunt,
1205 1982 1238 2007 de
1249 1981 1301 2008 iure
1310 1982 1411 2016 poss‘unt

380 2024 534 2058 reprehendi,
559 2023 616 2058 quia
636 2023 696 2049 dicit
716 2023 833 2049 Salomo:
856 2023 958 2057 Sapiens
971 2022 1158 2056 autemstulmm
1177 2022 1203 2047 in
1219 2022 1411 2056 infipientiasua

379 2064 476 2090 imitari
487 2073 532 2090 non
542 2065 612 2089 debet
624 2064 762 2095 [Proverb.,
774 2071 816 2094 111,
831 2065 881 2096 3¹]-
896 2064 994 2089 Interea
1006 2063 1108 2097 quidam
1119 2062 1155 2088 vir
1165 2062 1254 2088 nobilis
1267 2063 1410 2088 vulneratus

381 2105 405 2130 δι
423 2103 490 2138 quasi
511 2103 641 2129 semivivus
661 2105 694 2129 ad
714 2103 792 2129 castra
813 2103 910 2129 rediens
931 2103 990 2129 hec·
1000 2103 1076 2129 verba
1094 2101 1199 2128 domino
1220 2102 1306 2138 legato
1327 2103 1411 2130 retulit

380 2144 474 2175 dicens,
489 2144 568 2179 quod,
582 2144 655 2170 noEle
665 2143 788 2176 veniente,
805 2143 882 2169 erexit
894 2143 981 2170 oculos
995 2143 1057 2170 suos
