1624 2788
261 403 318 425 1217

251 1230 308 1252 1218

216 1260 283 1283 Mart.
295 1267 333 1283 20.

346 265 392 303 68
629 275 679 300 DE
705 274 862 300 lTINERE
887 274 1088 301 FRISONUM.

348 387 454 422 cornis
468 386 603 431 diffum,
621 386 759 420 castrum
773 385 889 420 domni
902 398 1000 433 pape,
1014 386 1048 419 in
1059 384 1260 432 patrimonio
1276 384 1376 421 sanffl

348 441 427 475 Petri
445 439 628 485 fundatum,
655 438 754 473 tribus
773 437 946 473 miliaribus
973 438 1091 473 distans
1109 451 1128 472 a
1147 439 1227 473 mari
1244 439 1279 473 &
1296 438 1376 473 dua-

348 493 407 529 bus
425 493 516 528 dietis
542 506 562 527 a
577 494 692 528 Roma.
724 492 822 540 Igitur
845 505 865 527 a
882 491 1004 528 civibus
1021 492 1219 529 Cornetanis
1241 491 1376 527 honeste

347 547 493 594 suscepti,
524 545 565 581 de
595 545 659 581 fide
685 547 719 581 &
744 546 910 581 securitate
939 546 1049 582 litteris
1075 547 1220 594 ipsorum
1248 546 1375 590 muniti,
1389 563 1409 586 p.
1420 555 1474 584 482.

349 602 467 635 cuneta
494 612 557 647 que
583 598 625 634 ad
651 599 765 634 hiemis
791 599 946 635 solacium
971 598 1176 647 pertinebant
1203 599 1377 647 disponere

349 654 539 689 curavimus.
559 653 655 700 Qos
673 652 816 688 domnus
830 666 917 701 papa
935 652 1078 701 benigne
1092 653 1238 701 suscepit,
1256 652 1297 688 de
1315 654 1376 689 vir-

349 720 415 742 tute
442 707 606 742 Frisonum
629 707 663 740 &
681 705 818 741 audacia
843 708 876 741 &
902 707 936 741 in
967 706 1182 742 destruffione
1208 707 1377 742 civitatum

349 761 504 808 Hispanie
534 772 603 794 non
641 773 758 807 parum
791 760 928 808 gavisus.
972 760 1042 807 Qi
1076 760 1188 795 nostris
1226 759 1377 807 precibus

349 826 439 848 aures
458 814 510 848 sue
525 814 698 848 sanffltatis
721 813 888 849 inclinavit
910 814 943 847 in
966 825 1104 858 tantum,
1124 825 1160 847 ut
1175 814 1377 849 Veronicam

349 867 488 901 Domini
500 865 595 901 nobis
608 866 692 901 infra
701 879 826 914 paucos
839 866 907 901 dies
921 865 970 901 bis
984 865 1163 902 videndam
1174 866 1375 902 monstraret.

348 920 490 955 Preterea
517 919 626 954 litteris
653 919 713 954 suis
740 919 921 954 transmiffis
947 920 1154 964 Cornetanis,
1180 918 1376 955 Biterbienfi-

347 972 418 1018 bus,
442 974 606 1016 Tuscanis,
630 973 800 1008 veteranis
819 975 853 1008 &
875 974 987 1008 ceteris
1004 974 1118 1009 vicinis
1143 971 1323 1009 civitatibus
1341 975 1377 1008 δι

348 1026 454 1060 castris
471 1038 532 1060 nos
550 1039 626 1060 cum
643 1026 745 1060 multa
762 1025 1009 1061 commendavit
1027 1025 1204 1074 diligentia,
1223 1025 1280 1060 sub
1298 1039 1375 1061 ana·

348 1079 498 1114 thematis
516 1079 779 1114 interminatione
797 1080 990 1127 precipiens,
1018 1091 1053 1114 ut
1069 1081 1103 1114 in
1121 1079 1326 1114 commerciis
1342 1080 1377 1114 &

347 1132 567 1168 contratstibus
581 1134 615 1167 ὅ(
632 1134 744 1167 ceteris
761 1132 942 1168 neceffariis
960 1146 1021 1168 nos
1041 1132 1176 1168 fideliter
1195 1135 1374 1169 traetarent.

348 1185 454 1234 Quod
470 1185 512 1221 ab
531 1186 681 1221 omnibus
700 1185 929 1222 inviolabiliter
946 1187 990 1221 est
1007 1185 1224 1223 observatum.

395 1240 492 1288 Igitur
505 1240 611 1275 hieme
625 1242 755 1288 perafia
766 1241 800 1275 in
813 1241 919 1287 prima
931 1241 1013 1275 veris
1028 1239 1256 1284 adolescentia,
1266 1239 1378 1288 vigilia

347 1293 447 1328 sanffl
471 1293 646 1338 Benedicti,
664 1306 762 1329 naves
780 1296 814 1328 in
831 1293 934 1328 altum
951 1306 969 1327 a
987 1304 1084 1340 portu
1102 1292 1306 1339 deduximus,
1323 1306 1375 1328 ac-

347 1358 443 1394 cepta
458 1347 682 1382 aCornetanis
701 1359 813 1381 coram
830 1346 988 1394 potestate
1006 1348 1040 1381 &
1059 1346 1168 1381 senatu
1187 1347 1376 1382 &universa

348 1401 584 1435 communitate
596 1400 735 1444 licentia,
751 1400 808 1447 qui
817 1399 945 1434 bonum
958 1400 1157 1447 principium
1170 1400 1297 1435 meliori
1310 1399 1375 1435 fine

347 1453 590 1499 concludentes,
625 1453 756 1489 honeste
788 1454 953 1501 susceptos
987 1453 1150 1488 honestius
1187 1451 1376 1488 dimiserunt

347 1520 422 1542 cum
448 1507 555 1542 multis
580 1506 708 1541 milibus
734 1507 896 1554 utriusque
921 1507 1021 1551 sexuS,
1051 1519 1128 1541 cum
1150 1519 1307 1554 apparatu
1324 1507 1375 1542 in-

347 1560 427 1609 signi
443 1562 477 1595 &
494 1560 610 1609 gloria,
628 1573 704 1595 cum
721 1559 859 1596 baneriis
877 1562 910 1595 δε
923 1560 1044 1596 vexillis
1062 1559 1278 1609 quadraginta
1295 1563 1373 1596 οὸὶο

346 1614 446 1661 usque
470 1613 513 1649 ad
538 1627 626 1648 mare
652 1613 866 1657 deduxerunt,
896 1612 951 1648 ubi
976 1613 1115 1648 collec'to
1131 1620 1140 1635 ¹
1155 1626 1239 1658 cetu,
1266 1613 1373 1662 dispo-

346 1667 407 1702 fitis
429 1668 463 1702 in
481 1668 553 1716 giro
577 1668 718 1715 popUHS,
747 1668 887 1715 potestas
905 1667 1124 1710 comeranus,
1152 1667 1208 1713 qui
1231 1666 1373 1714 prudens

347 1721 504 1769 &legum
522 1720 730 1766 doctissimus,
748 1721 912 1756 frisonum
925 1719 1025 1755 fidem
1038 1721 1072 1754 &
1085 1718 1256 1755 audaciam
1274 1721 1375 1756 multa

347 1774 593 1810 commendavit
610 1773 772 1819 facundia,
798 1774 1050 1809 satisfactionem
1079 1772 1217 1808 offerens
1242 1774 1374 1822 sponta-

347 1842 454 1873 neam,
479 1827 499 1862 fi
523 1841 587 1875 qua
605 1828 691 1863 fausta
713 1827 819 1863 fuisset
837 1829 870 1863 in
895 1841 955 1862 nos
972 1829 1096 1863 iniuria.
1123 1829 1274 1877 Signatos
1293 1840 1375 1875 quo-

348 1895 411 1929 que
435 1882 584 1925 Corneti,
606 1880 744 1926 Biterbij,
767 1882 918 1927 Tuscani,
936 1883 1029 1925 Sene,
1051 1882 1223 1926 Veteralle,
1241 1881 1375 1916 Montis-

346 1935 411 1979 alti,
437 1933 692 1969 Montisflasconi
714 1937 748 1970 &
765 1947 900 1979 ceteros,
926 1936 982 1982 qui
999 1936 1033 1970 in
1053 1934 1188 1971 navibus
1205 1935 1319 1970 nostris
1340 1935 1375 1969 in

347 2000 464 2023 terram
482 1989 626 2023 sant‘iam
644 1988 875 2037 properabant,
903 1988 980 2023 fidei
1006 1989 1112 2024 nostre
1130 1988 1375 2024 commendavit

347 2042 431 2077 &in
451 2041 604 2077 omnibus
630 2041 724 2077 nobis
750 2043 895 2091 precepit
915 2041 979 2077 effe
1003 2041 1173 2077 subieezos.
1207 2041 1374 2077 Omnibus

386 2166 396 2183 x
411 2158 441 2184 A.
456 2156 569 2186 culicem,

1387 1632 1452 1655 c.34.

1608 2533 1624 2574 ΔΛ
