1624 2788
391 270 439 308 88
839 276 966 304 GEsTA

321 387 426 428 1219&
448 384 651 422 Corradinus
673 391 683 408 ¹
709 397 785 420 cum
808 384 952 420 universa
977 396 1076 433 gente
1103 383 1158 418 sua
1181 382 1223 418 ab
1247 382 1301 418 illa
1316 395 1418 431 parte,

391 438 571 486 ubi2aqua
587 437 742 474 fossatum
772 450 842 472 non
871 450 939 472 erat
964 437 1140 485 expletum,
1171 435 1213 471 fic
1231 435 1418 471 Christianis

390 493 462 527 sunt
487 492 630 527 locuti:³
657 494 686 527 0
716 494 891 537 Christiani,
917 504 969 525 aut
993 503 1119 538 oportet,
1144 503 1197 525 vos
1219 492 1366 536 Christum
1387 490 1418 524 ὃ·

391 550 556 581 ‘Dominum
583 549 705 590 vestrum
731 546 761 579 ὃ·
787 546 947 588 mariam,
979 558 1065 590 quam
1089 545 1196 578 dicitis
1219 543 1275 589 effe
1296 556 1418 578 matrem

390 604 493 644 eius‚4
512 601 649 641 adorare,
681 611 734 632 aut
759 611 885 645 (portet,
911 611 966 632 nos
991 599 1225 632 mahometum
1254 610 1365 642 negare
1388 595 1418 629 G·
1431 603 1602 633 Mur.p.1092.

391 655 580 698 Christianos
598 654 682 697 fieri.
711 651 745 685 Et
774 651 945 686 confestim
965 650 1103 698 prelium
1130 663 1206 684 cum
1231 649 1418 684 Christianis

391 706 643 752 commiserunt5
668 706 702 740 &
728 704 866 740 fixerunt
891 717 994 739 unum
1020 703 1225 752 papilionem
1251 715 1326 738 ante
1354 702 1420 737 fos-

390 760 494 795 satum
518 758 776 794 Christianorum
799 759 833 792 &
859 755 904 791 ibi
932 756 1148 791 comederunt
1174 755 1253 790 duas
1284 755 1420 803 gallinas

391 825 525 861 propter
550 813 798 856 sacramentum,
828 809 920 858 quod
950 810 1070 845 fecerat
1097 808 1311 852 Corradinus,
1343 809 1419 855 quia

391 865 544 901 credebat
557 879 614 900 eos
630 865 798 909 devorare,
813 863 890 898 ficut
902 876 999 898 canes
1018 862 1158 897 famelici
1175 875 1276 897 unum
1289 874 1420 910 panem.

393 920 429 955 Et
439 921 473 955 in
486 919 541 954 illo
561 919 614 954 die
632 919 690 954 filit
702 931 862 966 magnum
879 917 1030 965 prelium,
1047 917 1082 951 δε
1094 916 1270 959 sarraceni,
1285 928 1354 950 non
1367 928 1422 950 va-

390 973 492 1008 lentes
504 971 649 1017 refistere,
660 971 753 1006 multi
765 971 887 1006 mortui
898 970 980 1013 sunt,
992 968 1179 1004 Christianis
1189 967 1384 1003 dicentibus:
1407 967 1421 990 ⁶

391 1029 429 1061 Si
441 1029 528 1061 ‘Deus
534 1040 594 1073 pro
608 1028 704 1068 nobis,
719 1027 784 1070 quis
797 1037 898 1059 contra
911 1036 965 1058 nos
974 1027 989 1056 ?
1001 1022 1070 1069 (Ep.
1079 1020 1122 1056 ad
1130 1021 1236 1066 Rom.,
1250 1031 1329 1065 VIII,
1344 1021 1417 1069 31.)

441 1079 524 1114 XXl.
546 1080 641 1114 Tunc
658 1078 832 1113 Christiani
851 1077 997 1111 fecerunt
1018 1078 1157 1123 pontem
1174 1075 1267 1122 super
1283 1073 1419 1110 fluvium

394 1132 435 1168 de
447 1133 563 1177 xxxviij
578 1131 703 1167 barchis
713 1144 789 1166 cum
803 1129 943 1166 trabibus
957 1136 970 1158 7
982 1130 1016 1164 ὅ(
1030 1127 1144 1163 tabulis
1158 1127 1300 1172 clavatis,
1313 1129 1347 1162 &
1361 1126 1422 1162 dis-

394 1185 483 1221 tabat
500 1199 565 1221 una
581 1198 655 1234 pars
674 1184 716 1220 ab
733 1185 832 1219 altera
850 1184 917 1219 fere
935 1195 1036 1217 unum
1053 1181 1199 1226 milliare,
1227 1181 1314 1215 circa
1329 1180 1422 1215 mise-

394 1252 468 1275 runt
492 1239 622 1284 cochas,
648 1252 690 1274 ne
709 1238 877 1273 sarraceni
903 1235 1113 1271 alcenderent
1131 1233 1188 1282 ipfi
1212 1235 1317 1282 ponti.
1348 1233 1424 1269 Alio

398 1305 508 1328 autem
533 1292 586 1327 die
614 1303 772 1328 venerunt
795 1290 961 1326 Sarraceni
980 1302 1039 1337 per
1055 1287 1178 1323 flumen
1195 1300 1272 1322 cum
1292 1299 1353 1322 xxx
1369 1299 1425 1335 ga—

395 1347 452 1382 leis
469 1348 503 1381 &
518 1345 616 1381 tribus
632 1345 783 1380 ieremitis
800 1342 987 1378 ardentibus
1002 1341 1045 1377 ad
1062 1340 1325 1377 comburendum
1341 1352 1425 1388 pon-

398 1411 475 1444 tem,
492 1401 527 1434 &
542 1398 582 1434 lic
601 1410 757 1446 ceperunt
771 1397 906 1444 preliare
924 1408 963 1430 ex
979 1409 999 1431 v
1010 1393 1166 1443 partibus.
1186 1392 1249 1428 Sed
1262 1393 1427 1428 Dominus

397 1453 504 1488 noster
514 1452 658 1488 Christus
667 1451 747 1486 lesus
758 1450 847 1486 venit
856 1450 889 1484 in
904 1448 1059 1484 auxilium
1067 1447 1256 1483 Christianis
1266 1447 1321 1491 ita,
1335 1443 1427 1492 quod

397 1506 440 1541 ad
457 1519 597 1555 pontem
616 1518 686 1539 non
703 1515 897 1547 nocuerunt,
925 1503 959 1537 &
977 1502 1098 1537 mortui
1115 1501 1188 1535 sunt
1204 1513 1243 1535 ex
1259 1498 1332 1548 ipsis
1355 1499 1425 1533 Sar-

398 1560 521 1595 racenis
551 1571 629 1593 cccc
654 1559 688 1593 ἃ
715 1555 828 1592 reverfi
853 1557 925 1591 sunt
950 1568 1027 1590 cum
1054 1554 1186 1598 tristitia,
1227 1555 1261 1588 δε
1284 1553 1429 1588 fecerunt

400 1613 573 1649 Christiani
590 1610 748 1646 custodire
762 1610 885 1645 circum
899 1609 1089 1643 Damiatam
1102 1608 1137 1642 &
1153 1605 1274 1642 flumen
1293 1607 1328 1641 &
1343 1605 1428 1640 insu-

400 1667 478 1711 lam,
507 1667 541 1701 in
560 1678 625 1712 qua
641 1664 730 1712 prius
752 1663 946 1707 manserant,
971 1663 1006 1696 ὅ(
1022 1661 1099 1696 alias
1116 1659 1196 1695 duas
1213 1659 1328 1694 insulas
1353 1670 1429 1693 cum

401 1719 598 1755 carbonariis
615 1719 649 1753 &
667 1718 780 1765 portiS,
803 1729 845 1751 ne
862 1716 961 1762 aliqui
978 1713 1109 1763 poffent
1125 1714 1242 1749 intrare
1258 1725 1320 1747 nec
1336 1712 1428 1747 exire.

400 1773 434 1808 Et
459 1772 646 1808 christianus
672 1771 828 1807 exercitus
853 1767 984 1805 tenebat
1009 1767 1124 1803 decem
1149 1766 1296 1802 milliaria
1319 1765 1428 1812 longe.

453 1897 463 1913 1
481 1888 506 1913 P.
519 1896 564 1913 om.
579 1886 638 1912 diai
660 1885 773 1910 soldanus
786 1885 811 1910 δι
825 1883 986 1910 Corradinus.
1004 1896 1037 1901 —
1053 1892 1067 1907 2
1079 1882 1117 1907 M.
1130 1889 1172 1906 om.
1188 1878 1238 1905 ubi.
1253 1892 1287 1896 —
1303 1886 1314 1909 3
1329 1877 1367 1903 M.
1383 1876 1430 1901 fuit

402 1927 510 1953 loeutus.
532 1942 566 1945 —
584 1936 601 1958 4
615 1926 642 1951 P.
657 1934 700 1951 om.
716 1925 800 1950 verba
814 1924 846 1949 ab
859 1924 882 1948 &
898 1922 1010 1947 Mariam
1025 1921 1097 1955 usque
1110 1921 1146 1945 ad
1158 1919 1217 1945 eius.
1230 1932 1263 1936 —
1279 1927 1291 1950 5
1311 1917 1347 1942 M.
1362 1924 1430 1941 com-

402 1966 477 1998 mifit;
498 1967 524 1992 P.
542 1967 604 1991 add.
620 1965 671 1990 hic:
690 1966 718 1990 In
731 1964 784 1998 ipso
796 1969 881 1988 autem
893 1962 969 1996 prelio
982 1961 1066 1995 gracia
1075 1959 1123 1986 Dei
1136 1959 1169 1985 nil
1184 1956 1326 1984 Christianis
1338 1964 1431 1981 nocue-

402 2013 470 2033 runt.
494 2008 536 2031 Set
555 2006 586 2030 de
604 2004 743 2030 Sarracenis
761 2002 952 2028 innumerabiles
971 2000 1062 2026 mortui
1083 2001 1154 2030 sunt;
1177 1997 1312 2023 referamus
1336 1996 1430 2030 gratias

403 2046 513 2073 Christo!
540 2044 675 2070 Millefimo
689 2042 858 2069 ducentesimo
877 2041 976 2067 decimo
995 2048 1071 2071 nono,
1091 2039 1224 2064 indiffione
1243 2037 1276 2070 vij
1297 2036 1336 2061 die
1357 2034 1431 2060 ramis

273 2093 340 2116 Mm.
353 2099 389 2122 3¹·
405 2086 562 2117 palmarum,
586 2093 643 2110 cum
657 2083 767 2109 divinum
784 2082 951 2108 celebraretur
964 2079 1084 2110 officium,
1100 2077 1205 2113 qualiter
1222 2076 1305 2101 Ihesus
1320 2074 1431 2101 Ierololi-

405 2135 472 2152 mam
495 2125 572 2156 venit,
595 2124 710 2150 soldanus
729 2124 752 2148 δι
773 2121 927 2148 Corradinus
945 2121 1015 2154 super
1035 2118 1187 2145 Christianos
1206 2116 1324 2142 insultum
1351 2115 1432 2140 facere

406 2167 548 2192 statuerunt.
562 2179 596 2183 —-
613 2166 628 2189 6
644 2165 683 2189 Μ.
697 2162 828 2189 Christiani
841 2162 959 2186 dicentes.
982 2174 1016 2178 —-
1036 2168 1049 2190 7
1066 2159 1103 2183 M.
1119 2158 1238 2183 travibus.
