1624 2788
345 276 386 313 16
747 280 961 307 ORDINACIO

339 392 418 429 sicut
430 394 523 442 porci
536 394 570 428 δε
583 403 716 427 currunt
731 391 766 426 in
779 388 1030 425 amaritudinem
1043 387 1173 431 inferni,
1195 398 1260 433 que
1271 385 1368 435 signi-

339 446 450 483 ficatur
476 461 533 496 per
558 444 809 483 amaritudinem
834 443 940 478 maris.
973 458 991 474 ‹<
1011 442 1100 476 ‘tolle
1123 453 1197 487 ergo
1213 442 1370 487 grabatum

338 514 420 536 tuum
435 518 453 533 n
470 504 610 548 (Ioann.,
623 514 655 546 v,
669 501 720 548 8),
737 498 772 533 id
786 498 830 533 est
846 509 981 532 carnem
1002 507 1093 529 tuam
1106 494 1228 529 sursum
1241 507 1260 529 a
1274 505 1371 529 terre-

340 556 400 600 nis,
419 556 493 602 quia
506 555 550 590 est
564 554 605 590 de
618 554 741 589 deliciis
755 552 859 587 carnis
873 550 951 585 sicut
964 549 1005 584 de
1020 547 1126 584 cauda
1139 547 1293 596 anguille,
1308 560 1372 595 que

341 608 435 657 fugit,
452 609 533 644 dum
547 609 687 643 creditur
700 606 839 650 retineri,
856 607 891 640 &
907 604 1063 651 intellige,
1083 602 1163 650 quid
1176 601 1255 637 dicit
1268 599 1374 650 glossa

341 663 435 711 super
451 662 633 710 predicstum
650 662 762 696 locum
775 659 948 708 Evangelii,
974 658 1102 702 scilicet,
1121 656 1176 691 nisi
1191 657 1262 703 quis
1280 667 1374 689 more

341 717 435 765 porci
456 717 579 761 vixerit,
606 716 639 750 in
663 728 737 750 eum
760 712 910 748 diabolus
932 725 1001 747 non
1028 711 1146 758 accipit
1168 709 1373 758 potestatem,

341 769 397 805 nisi
415 769 456 805 ad
474 768 695 818 probandum,
713 780 783 803 non
800 766 843 801 ad
861 764 1078 813 perdendum.

392 827 493 859 Item:
524 824 663 870 Quanto
690 821 763 869 plus
781 820 973 867 comprimis
999 831 1121 866 aquam
1143 818 1226 853 inter
1248 828 1372 861 manu8‚

342 890 435 913 tanto
458 877 529 926 plus
552 875 653 912 effluit
680 877 714 910 ὅ(
737 876 843 909 minus
865 875 1027 915 retinetur,
1061 871 1101 906 sic
1123 871 1166 906 est
1189 869 1230 905 de
1252 863 1373 905 deliciis

343 932 446 967 carnis
464 932 498 966 &
519 930 624 965 seculi.

392 987 488 1020 Item:
506 985 692 1032 Peregrinus
707 983 870 1025 itinerans,
891 981 946 1027 qui
960 980 1086 1027 semper
1103 980 1244 1026 sequitur
1255 979 1374 1027 impul·
1386 987 1405 1010 Β
1417 986 1432 1009 f.
1446 993 1519 1016 αιμ,
1530 994 1550 1009 e.
1560 993 1583 1009 2.

343 1034 413 1073 s'um
423 1039 523 1083 venti,
537 1051 609 1072 raro
624 1036 722 1072 habet
735 1047 920 1083 congruum
932 1033 1125 1080 hospicium,
1139 1032 1190 1078 fic,
1202 1033 1258 1080 qui
1269 1033 1373 1080 sequi-

344 1104 395 1126 tur
408 1104 546 1126 omnem
564 1102 694 1126 motum
707 1090 821 1133 carnis,
839 1100 912 1123 raro
930 1085 1027 1121 habet
1040 1086 1223 1134 hospicium
1240 1087 1274 1121 in
1292 1086 1374 1123 celo.

393 1148 486 1180 Item:
516 1143 685 1180 Columba
703 1155 772 1179 non
791 1139 937 1177 comedit
956 1152 1098 1184 carnem,
1123 1138 1165 1174 sic
1186 1151 1247 1174 nec
1268 1138 1376 1175 bonus

344 1200 486 1246 sequitur
502 1198 708 1245 voluptatem
726 1197 839 1232 carnis.

393 1255 473 1287 Item
488 1265 495 1288 :
519 1249 686 1287 Columba
704 1263 780 1284 cum
798 1249 899 1284 rostro
924 1248 1050 1295 separat
1065 1260 1206 1295 granum
1223 1247 1376 1282 frumenti

345 1320 364 1341 a
381 1306 488 1354 palea,
517 1304 559 1340 sic
581 1304 688 1340 bonus
712 1317 761 1348 ea,
792 1316 856 1350 que
878 1302 951 1337 sunt
974 1301 1047 1344 Dei,
1079 1301 1135 1348 qui
1164 1301 1207 1336 est
1236 1309 1578 1350 granumAfisxb,e.2.

345 1360 509 1405 frumenti,
527 1358 568 1394 ab
586 1372 635 1403 ea,
654 1371 716 1405 que
735 1358 808 1392 sunt
825 1356 939 1391 carnis.

396 1416 488 1448 Item:
518 1413 668 1461 Lignum,
700 1409 792 1459 quod
814 1410 918 1458 sepius
942 1410 1001 1444 fuit
1023 1408 1196 1444 accensum
1219 1410 1253 1443 &
1273 1409 1376 1456 sepius

347 1467 536 1511 extinRum,
553 1465 675 1500 facilius
690 1463 888 1508 accenditur,
903 1476 1003 1510 quam
1017 1462 1144 1510 lignum
1157 1461 1269 1505 viride,
1285 1462 1378 1510 quod

347 1533 519 1567 nunquam
539 1519 600 1554 fuit
614 1519 796 1562 accensum,
815 1516 893 1551 ficut
911 1517 955 1551 est
969 1516 1009 1551 de
1022 1516 1158 1550 homine
1174 1515 1305 1560 carnali,
1324 1516 1377 1562 qui

347 1574 453 1621 sepius
467 1574 608 1608 exercuit
627 1573 720 1607 usum
736 1570 892 1614 libidinis,
913 1583 1012 1617 quam
1026 1569 1089 1614 ille,
1109 1569 1165 1616 qui
1181 1569 1307 1616 semper
1320 1568 1380 1603 fuit

348 1627 460 1662 castus.

396 1683 489 1716 Item:
520 1681 572 1715 De
593 1678 694 1715 divite
715 1680 750 1714 &
767 1678 930 1714 luxurioso
948 1679 982 1713 &
1000 1690 1210 1725 quocumque
1226 1677 1380 1723 sequente

349 1734 480 1770 delicias
507 1734 621 1768 carnis.
644 1733 753 1778 Caym
775 1731 935 1766 interfecit
957 1730 1051 1777 Abel,
1079 1731 1144 1766 hoc
1166 1731 1210 1766 est
1229 1727 1379 1779 possessio

349 1786 756 1834 lucstum&penitenciam3
767 1785 876 1831 Caym
889 1785 977 1820 enim
990 1786 1218 1832 interpretatur
1230 1781 1380 1831 possessio

350 1843 385 1877 ὅ(
401 1840 487 1876 Abel
503 1840 617 1875 lu6ms.

402 1897 496 1930 Item:
527 1895 582 1928 Per
598 1893 686 1928 diem
703 1893 838 1928 Veneris
860 1905 922 1940 pro
942 1891 1064 1927 deliciis
1084 1892 1187 1926 carnis
1205 1891 1238 1926 in
1257 1892 1380 1927 comes-

352 1949 442 1983 tione
459 1948 565 1995 pomi,
595 1947 681 1981 faela
699 1958 815 1981 contra
833 1947 896 1981 Dei
912 1958 1117 1994 preceptum,
1133 1945 1263 1980 intravit
1280 1958 1379 1990 mors,

350 2002 385 2036 &
407 2000 529 2036 eodem
552 2000 616 2046 die,
648 2000 766 2035 scilicet
789 1999 842 2034 die
857 1999 1005 2043 Veneris,
1027 2012 1086 2046 per
1107 1999 1209 2032 carnis
1230 2000 1381 2034 amaritu-

352 2054 463 2089 dinem
487 2055 619 2090 intravit
635 2055 702 2089 vita
724 2054 757 2088 in
781 2066 886 2098 cruce,
912 2054 946 2087 &
968 2050 1170 2100 aperiebatur
1192 2052 1289 2086 ianua
1311 2053 1381 2088 celi.

402 2111 494 2143 Item:
513 2107 660 2156 Qidam
674 2107 804 2141 rusticus
822 2106 954 2155 gulosus
967 2104 1114 2140 comedit
1127 2104 1248 2152 pellem
1262 2107 1382 2141 ventris

352 2161 394 2198 de
411 2162 565 2197 intestinis
583 2160 688 2206 bovis,
704 2161 738 2195 ὅ(
753 2172 888 2209 propter
906 2159 1112 2194 tenacitatem
1129 2158 1221 2207 pellis
1235 2158 1384 2195 remansit
