<?xml version="1.0" encoding="UTF-8"?>
<!DOCTYPE html PUBLIC "-//W3C//DTD XHTML 1.0 Transitional//EN"
    "http://www.w3.org/TR/xhtml1/DTD/xhtml1-transitional.dtd">
<html xmlns="http://www.w3.org/1999/xhtml" xml:lang="en" lang="en">
 <head>
  <title>
</title>
<meta http-equiv="Content-Type" content="text/html;charset=utf-8" />
  <meta name='ocr-system' content='tesseract 3.04.00' />
  <meta name='ocr-capabilities' content='ocr_page ocr_carea ocr_par ocr_line ocrx_word'/>
</head>
<body>
  <div class='ocr_page' id='page_1' title='image "./quintibellisacri00rhuoft_0102.png"; bbox 0 0 1624 2788; ppageno 0'>
   <div class='ocr_carea' id='block_1_1' title="bbox 352 225 941 274">
    <p class='ocr_par' dir='ltr' id='par_1_1' title="bbox 352 225 941 274">
     <span class='ocr_line' id='line_1_1' title="bbox 352 225 941 274; baseline 0.002 -12"><span class='ocrx_word' id='word_1_1' title='bbox 352 225 400 274; x_wconf 82' lang='lat'>46</span> <span class='ocrx_word' id='word_1_2' title='bbox 815 237 941 263; x_wconf 81' lang='lat' dir='ltr'><strong>GESTA</strong></span> 
     </span>
    </p>
   </div>
   <div class='ocr_carea' id='block_1_2' title="bbox 281 344 1587 2054">
    <p class='ocr_par' dir='ltr' id='par_1_2' title="bbox 281 344 1587 2054">
     <span class='ocr_line' id='line_1_2' title="bbox 281 344 1380 392; baseline 0.004 -12"><span class='ocrx_word' id='word_1_3' title='bbox 281 357 339 381; x_wconf 85' lang='lat'><em>1²¹9</em></span> <span class='ocrx_word' id='word_1_4' title='bbox 351 344 510 381; x_wconf 86' lang='lat' dir='ltr'>Soldanus</span> <span class='ocrx_word' id='word_1_5' title='bbox 528 345 619 382; x_wconf 88' lang='lat' dir='ltr'>abiit!</span> <span class='ocrx_word' id='word_1_6' title='bbox 637 348 682 392; x_wconf 92' lang='lat'>&amp;,</span> <span class='ocrx_word' id='word_1_7' title='bbox 699 346 764 381; x_wconf 93' lang='lat' dir='ltr'>hoc</span> <span class='ocrx_word' id='word_1_8' title='bbox 782 346 883 391; x_wconf 66' lang='grc' dir='ltr'><strong>ἀίέὶο,</strong></span> <span class='ocrx_word' id='word_1_9' title='bbox 902 348 934 382; x_wconf 92' lang='lat' dir='ltr'>in</span> <span class='ocrx_word' id='word_1_10' title='bbox 952 360 1070 383; x_wconf 90' lang='lat' dir='ltr'>navem</span> <span class='ocrx_word' id='word_1_11' title='bbox 1089 347 1334 384; x_wconf 82' lang='lat' dir='ltr'>christianorum</span> <span class='ocrx_word' id='word_1_12' title='bbox 1350 350 1380 385; x_wconf 93' lang='lat' dir='ltr'>se</span> 
     </span>
     <span class='ocr_line' id='line_1_3' title="bbox 350 399 1380 449; baseline 0.005 -16"><span class='ocrx_word' id='word_1_13' title='bbox 350 399 449 447; x_wconf 88' lang='lat' dir='ltr'>recipi</span> <span class='ocrx_word' id='word_1_14' title='bbox 459 399 642 447; x_wconf 88' lang='lat' dir='ltr'>postulavit,</span> <span class='ocrx_word' id='word_1_15' title='bbox 659 412 694 435; x_wconf 90' lang='lat' dir='ltr'>ut</span> <span class='ocrx_word' id='word_1_16' title='bbox 702 401 736 434; x_wconf 89' lang='lat' dir='ltr'>in</span> <span class='ocrx_word' id='word_1_17' title='bbox 745 400 902 448; x_wconf 85' lang='lat' dir='ltr'>potestate</span> <span class='ocrx_word' id='word_1_18' title='bbox 914 414 1030 436; x_wconf 89' lang='lat' dir='ltr'>eorum</span> <span class='ocrx_word' id='word_1_19' title='bbox 1042 400 1164 449; x_wconf 83' lang='lat' dir='ltr'>positus</span> <span class='ocrx_word' id='word_1_20' title='bbox 1173 401 1275 437; x_wconf 91' lang='lat' dir='ltr'>fidem</span> <span class='ocrx_word' id='word_1_21' title='bbox 1287 402 1380 439; x_wconf 64' lang='lat' dir='ltr'>distis</span> 
     </span>
     <span class='ocr_line' id='line_1_4' title="bbox 350 452 1380 492; baseline 0.005 -6"><span class='ocrx_word' id='word_1_22' title='bbox 350 452 478 487; x_wconf 89' lang='lat' dir='ltr'>faceret.</span> <span class='ocrx_word' id='word_1_23' title='bbox 498 452 595 487; x_wconf 90' lang='lat' dir='ltr'>Mane</span> <span class='ocrx_word' id='word_1_24' title='bbox 608 464 717 488; x_wconf 88' lang='lat' dir='ltr'>autem</span> <span class='ocrx_word' id='word_1_25' title='bbox 730 454 885 489; x_wconf 91' lang='lat' dir='ltr'>inchoata</span> <span class='ocrx_word' id='word_1_26' title='bbox 899 453 963 490; x_wconf 90' lang='lat' dir='ltr'>diei</span> <span class='ocrx_word' id='word_1_27' title='bbox 980 455 1049 490; x_wconf 90' lang='lat' dir='ltr'>festi</span> <span class='ocrx_word' id='word_1_28' title='bbox 1062 455 1168 491; x_wconf 85' lang='lat' dir='ltr'>miffa:</span> <span class='ocrx_word' id='word_1_29' title='bbox 1190 458 1380 492; x_wconf 83' lang='lat' dir='ltr'><em>Gaudeamus</em></span> 
     </span>
     <span class='ocr_line' id='line_1_5' title="bbox 349 508 1379 556; baseline 0.005 -17"><span class='ocrx_word' id='word_1_30' title='bbox 349 519 449 540; x_wconf 85' lang='lat' dir='ltr'>omnes</span> <span class='ocrx_word' id='word_1_31' title='bbox 462 509 493 540; x_wconf 87' lang='lat' dir='ltr'>in</span> <span class='ocrx_word' id='word_1_32' title='bbox 507 508 653 551; x_wconf 84' lang='lat' dir='ltr'>Domino,</span> <span class='ocrx_word' id='word_1_33' title='bbox 670 519 747 541; x_wconf 93' lang='lat' dir='ltr'>cum</span> <span class='ocrx_word' id='word_1_34' title='bbox 764 508 971 543; x_wconf 83' lang='lat' dir='ltr'>nunciaretur</span> <span class='ocrx_word' id='word_1_35' title='bbox 982 508 1192 556; x_wconf 86' lang='lat' dir='ltr'>principibus,</span> <span class='ocrx_word' id='word_1_36' title='bbox 1207 508 1379 545; x_wconf 87' lang='lat' dir='ltr'>soldanum</span> 
     </span>
     <span class='ocr_line' id='line_1_6' title="bbox 349 558 1379 608; baseline 0.005 -15"><span class='ocrx_word' id='word_1_37' title='bbox 349 558 476 607; x_wconf 75' lang='lat' dir='ltr'>fugisse,</span> <span class='ocrx_word' id='word_1_38' title='bbox 504 558 658 607; x_wconf 85' lang='lat' dir='ltr'>Egyptios</span> <span class='ocrx_word' id='word_1_39' title='bbox 688 572 822 608; x_wconf 91' lang='lat' dir='ltr'>quoque</span> <span class='ocrx_word' id='word_1_40' title='bbox 849 561 1013 607; x_wconf 87' lang='lat' dir='ltr'>receffisse,</span> <span class='ocrx_word' id='word_1_41' title='bbox 1040 564 1140 598; x_wconf 88' lang='lat' dir='ltr'>nostri</span> <span class='ocrx_word' id='word_1_42' title='bbox 1172 563 1319 598; x_wconf 88' lang='lat' dir='ltr'>certatim</span> <span class='ocrx_word' id='word_1_43' title='bbox 1345 564 1379 598; x_wconf 70' lang='grc' dir='ltr'>ὅ(</span> 
     </span>
     <span class='ocr_line' id='line_1_7' title="bbox 348 611 1380 663; baseline 0.006 -18"><span class='ocrx_word' id='word_1_44' title='bbox 348 612 493 647; x_wconf 88' lang='lat' dir='ltr'>alacriter</span> <span class='ocrx_word' id='word_1_45' title='bbox 518 611 639 659; x_wconf 82' lang='lat' dir='ltr'>absque</span> <span class='ocrx_word' id='word_1_46' title='bbox 664 613 905 661; x_wconf 87' lang='lat' dir='ltr'>impedimento</span> <span class='ocrx_word' id='word_1_47' title='bbox 930 615 1129 661; x_wconf 83' lang='lat' dir='ltr'>transierunt,</span> <span class='ocrx_word' id='word_1_48' title='bbox 1155 615 1221 661; x_wconf 90' lang='lat' dir='ltr'>sed,</span> <span class='ocrx_word' id='word_1_49' title='bbox 1240 617 1326 663; x_wconf 89' lang='lat' dir='ltr'>quia,</span> <span class='ocrx_word' id='word_1_50' title='bbox 1345 629 1380 652; x_wconf 91' lang='lat' dir='ltr'>ut</span> 
     </span>
     <span class='ocr_line' id='line_1_8' title="bbox 347 664 1379 715; baseline 0.004 -17"><span class='ocrx_word' id='word_1_51' title='bbox 347 665 489 712; x_wconf 85' lang='lat' dir='ltr'>superius</span> <span class='ocrx_word' id='word_1_52' title='bbox 507 664 645 700; x_wconf 87' lang='lat' dir='ltr'>relatum</span> <span class='ocrx_word' id='word_1_53' title='bbox 663 666 718 711; x_wconf 90' lang='lat' dir='ltr'>est,</span> <span class='ocrx_word' id='word_1_54' title='bbox 737 665 860 702; x_wconf 83' lang='lat' dir='ltr'>foffatis</span> <span class='ocrx_word' id='word_1_55' title='bbox 875 669 909 702; x_wconf 92' lang='lat'>&amp;</span> <span class='ocrx_word' id='word_1_56' title='bbox 921 668 1038 704; x_wconf 88' lang='lat' dir='ltr'>limosa</span> <span class='ocrx_word' id='word_1_57' title='bbox 1056 670 1192 704; x_wconf 88' lang='lat' dir='ltr'>materia</span> <span class='ocrx_word' id='word_1_58' title='bbox 1209 681 1286 703; x_wconf 88' lang='lat' dir='ltr'>curn</span> <span class='ocrx_word' id='word_1_59' title='bbox 1303 680 1379 715; x_wconf 89' lang='lat' dir='ltr'>pro·</span> 
     </span>
     <span class='ocr_line' id='line_1_9' title="bbox 348 718 1379 767; baseline 0.004 -16"><span class='ocrx_word' id='word_1_60' title='bbox 348 718 542 766; x_wconf 87' lang='lat' dir='ltr'>pugnaculis</span> <span class='ocrx_word' id='word_1_61' title='bbox 569 718 674 754; x_wconf 89' lang='lat' dir='ltr'>hostes</span> <span class='ocrx_word' id='word_1_62' title='bbox 691 721 875 755; x_wconf 90' lang='lat' dir='ltr'>munierant</span> <span class='ocrx_word' id='word_1_63' title='bbox 893 721 979 767; x_wconf 86' lang='lat' dir='ltr'>loca,</span> <span class='ocrx_word' id='word_1_64' title='bbox 1004 734 1094 757; x_wconf 88' lang='lat' dir='ltr'>tanta</span> <span class='ocrx_word' id='word_1_65' title='bbox 1116 723 1149 757; x_wconf 90' lang='lat' dir='ltr'>in</span> <span class='ocrx_word' id='word_1_66' title='bbox 1171 722 1301 757; x_wconf 88' lang='lat' dir='ltr'>ascensu</span> <span class='ocrx_word' id='word_1_67' title='bbox 1319 721 1379 756; x_wconf 91' lang='lat' dir='ltr'>fuit</span> 
     </span>
     <span class='ocr_line' id='line_1_10' title="bbox 348 770 1378 822; baseline 0.005 -17"><span class='ocrx_word' id='word_1_68' title='bbox 348 770 530 816; x_wconf 90' lang='lat' dir='ltr'>difficultas,</span> <span class='ocrx_word' id='word_1_69' title='bbox 556 784 591 807; x_wconf 93' lang='lat' dir='ltr'>ut</span> <span class='ocrx_word' id='word_1_70' title='bbox 611 773 664 808; x_wconf 84' lang='lat' dir='ltr'>vix</span> <span class='ocrx_word' id='word_1_71' title='bbox 682 774 756 820; x_wconf 90' lang='lat' dir='ltr'>equi</span> <span class='ocrx_word' id='word_1_72' title='bbox 776 772 839 808; x_wconf 86' lang='lat' dir='ltr'>sine</span> <span class='ocrx_word' id='word_1_73' title='bbox 858 773 1026 810; x_wconf 80' lang='lat' dir='ltr'>sessoribus</span> <span class='ocrx_word' id='word_1_74' title='bbox 1045 778 1080 810; x_wconf 70' lang='grc' dir='ltr'>δε</span> <span class='ocrx_word' id='word_1_75' title='bbox 1097 775 1177 810; x_wconf 88' lang='lat' dir='ltr'>sellis</span> <span class='ocrx_word' id='word_1_76' title='bbox 1195 775 1288 810; x_wconf 62' lang='lat' dir='ltr'>eiec‘li</span> <span class='ocrx_word' id='word_1_77' title='bbox 1306 775 1378 822; x_wconf 90' lang='lat' dir='ltr'>pos-</span> 
     </span>
     <span class='ocr_line' id='line_1_11' title="bbox 347 824 1377 876; baseline 0.003 -17"><span class='ocrx_word' id='word_1_78' title='bbox 347 825 416 859; x_wconf 88' lang='lat' dir='ltr'>sent</span> <span class='ocrx_word' id='word_1_79' title='bbox 432 824 615 861; x_wconf 89' lang='lat' dir='ltr'>ascendere.</span> <span class='ocrx_word' id='word_1_80' title='bbox 633 827 811 875; x_wconf 88' lang='lat' dir='ltr'>Templarij</span> <span class='ocrx_word' id='word_1_81' title='bbox 831 827 989 874; x_wconf 90' lang='lat' dir='ltr'>preduces</span> <span class='ocrx_word' id='word_1_82' title='bbox 1007 830 1040 863; x_wconf 91' lang='lat' dir='ltr'>in</span> <span class='ocrx_word' id='word_1_83' title='bbox 1057 829 1186 864; x_wconf 87' lang='lat' dir='ltr'>ascensu</span> <span class='ocrx_word' id='word_1_84' title='bbox 1204 841 1377 876; x_wconf 89' lang='lat' dir='ltr'>equorum,</span> 
     </span>
     <span class='ocr_line' id='line_1_12' title="bbox 347 877 1378 927; baseline 0.004 -15"><span class='ocrx_word' id='word_1_85' title='bbox 347 879 461 912; x_wconf 69' lang='lat' dir='ltr'>ere6tis</span> <span class='ocrx_word' id='word_1_86' title='bbox 488 877 594 926; x_wconf 80' lang='lat' dir='ltr'>signis,</span> <span class='ocrx_word' id='word_1_87' title='bbox 623 880 745 926; x_wconf 82' lang='lat' dir='ltr'>pernici</span> <span class='ocrx_word' id='word_1_88' title='bbox 768 881 860 915; x_wconf 92' lang='lat' dir='ltr'>cursu</span> <span class='ocrx_word' id='word_1_89' title='bbox 882 881 925 915; x_wconf 90' lang='lat' dir='ltr'>ad</span> <span class='ocrx_word' id='word_1_90' title='bbox 946 883 1111 917; x_wconf 90' lang='lat' dir='ltr'>civitatem</span> <span class='ocrx_word' id='word_1_91' title='bbox 1132 884 1278 927; x_wconf 89' lang='lat' dir='ltr'>veniunt,</span> <span class='ocrx_word' id='word_1_92' title='bbox 1305 881 1378 916; x_wconf 89' lang='lat' dir='ltr'>ster-</span> 
     </span>
     <span class='ocr_line' id='line_1_13' title="bbox 346 931 1587 984; baseline 0.005 -19"><span class='ocrx_word' id='word_1_93' title='bbox 346 943 460 966; x_wconf 89' lang='lat' dir='ltr'>nentes</span> <span class='ocrx_word' id='word_1_94' title='bbox 478 931 632 979; x_wconf 82' lang='lat' dir='ltr'>perfidOS,</span> <span class='ocrx_word' id='word_1_95' title='bbox 654 934 722 980; x_wconf 86' lang='lat' dir='ltr'>qui,</span> <span class='ocrx_word' id='word_1_96' title='bbox 749 932 904 968; x_wconf 64' lang='lat' dir='ltr'>audaeter</span> <span class='ocrx_word' id='word_1_97' title='bbox 924 934 966 969; x_wconf 89' lang='lat' dir='ltr'>de</span> <span class='ocrx_word' id='word_1_98' title='bbox 984 937 1086 982; x_wconf 88' lang='lat' dir='ltr'>portis</span> <span class='ocrx_word' id='word_1_99' title='bbox 1103 935 1226 984; x_wconf 85' lang='lat' dir='ltr'>egreffi,</span> <span class='ocrx_word' id='word_1_100' title='bbox 1248 935 1378 971; x_wconf 88' lang='lat' dir='ltr'>venien·</span> <span class='ocrx_word' id='word_1_101' title='bbox 1392 948 1481 978; x_wconf 85' lang='lat' dir='ltr'>v.,f.9</span> <span class='ocrx_word' id='word_1_102' title='bbox 1493 951 1524 978; x_wconf 70' lang='grc' dir='ltr'>ιο,</span> <span class='ocrx_word' id='word_1_103' title='bbox 1535 957 1556 972; x_wconf 69' lang='lat' dir='ltr'>e.</span> <span class='ocrx_word' id='word_1_104' title='bbox 1567 955 1587 972; x_wconf 92' lang='grc' dir='ltr'>ι.</span> 
     </span>
     <span class='ocr_line' id='line_1_14' title="bbox 346 984 1377 1024; baseline 0.005 -5"><span class='ocrx_word' id='word_1_105' title='bbox 346 984 428 1020; x_wconf 88' lang='lat' dir='ltr'>tibus</span> <span class='ocrx_word' id='word_1_106' title='bbox 447 998 666 1021; x_wconf 87' lang='lat' dir='ltr'>occurrerunt.</span> <span class='ocrx_word' id='word_1_107' title='bbox 685 987 736 1021; x_wconf 89' lang='lat' dir='ltr'>Sic</span> <span class='ocrx_word' id='word_1_108' title='bbox 754 987 861 1022; x_wconf 87' lang='lat' dir='ltr'>noster</span> <span class='ocrx_word' id='word_1_109' title='bbox 878 989 1034 1023; x_wconf 85' lang='lat' dir='ltr'>exercitus</span> <span class='ocrx_word' id='word_1_110' title='bbox 1052 990 1192 1024; x_wconf 87' lang='lat' dir='ltr'>tentoria</span> <span class='ocrx_word' id='word_1_111' title='bbox 1210 990 1244 1023; x_wconf 92' lang='lat'>&amp;</span> <span class='ocrx_word' id='word_1_112' title='bbox 1261 1002 1377 1023; x_wconf 90' lang='lat' dir='ltr'>manu-</span> 
     </span>
     <span class='ocr_line' id='line_1_15' title="bbox 345 1037 1378 1090; baseline 0.004 -18"><span class='ocrx_word' id='word_1_113' title='bbox 345 1037 414 1073; x_wconf 85' lang='lat' dir='ltr'>bias</span> <span class='ocrx_word' id='word_1_114' title='bbox 428 1038 628 1087; x_wconf 87' lang='lat' dir='ltr'>fugiencium</span> <span class='ocrx_word' id='word_1_115' title='bbox 639 1039 781 1088; x_wconf 89' lang='lat' dir='ltr'>diripuit,</span> <span class='ocrx_word' id='word_1_116' title='bbox 793 1042 929 1076; x_wconf 86' lang='lat' dir='ltr'>tarchias</span> <span class='ocrx_word' id='word_1_117' title='bbox 938 1042 1093 1090; x_wconf 89' lang='lat' dir='ltr'>plurimas</span> <span class='ocrx_word' id='word_1_118' title='bbox 1103 1044 1137 1078; x_wconf 70' lang='grc' dir='ltr'>ὃ(</span> <span class='ocrx_word' id='word_1_119' title='bbox 1145 1055 1261 1078; x_wconf 91' lang='lat' dir='ltr'>omnes</span> <span class='ocrx_word' id='word_1_120' title='bbox 1270 1042 1378 1090; x_wconf 86' lang='lat' dir='ltr'>galeas</span> 
     </span>
     <span class='ocr_line' id='line_1_16' title="bbox 346 1091 1584 1143; baseline 0.002 -17"><span class='ocrx_word' id='word_1_121' title='bbox 346 1105 422 1126; x_wconf 90' lang='lat' dir='ltr'>cum</span> <span class='ocrx_word' id='word_1_122' title='bbox 438 1091 596 1127; x_wconf 88' lang='lat' dir='ltr'>barbottis</span> <span class='ocrx_word' id='word_1_123' title='bbox 616 1095 650 1128; x_wconf 89' lang='lat'>&amp;</span> <span class='ocrx_word' id='word_1_124' title='bbox 667 1094 735 1128; x_wconf 88' lang='lat' dir='ltr'>aliis</span> <span class='ocrx_word' id='word_1_125' title='bbox 753 1093 900 1140; x_wconf 91' lang='lat' dir='ltr'>navibus,</span> <span class='ocrx_word' id='word_1_126' title='bbox 919 1108 982 1142; x_wconf 89' lang='lat' dir='ltr'>que</span> <span class='ocrx_word' id='word_1_127' title='bbox 999 1096 1083 1131; x_wconf 89' lang='lat' dir='ltr'>infra</span> <span class='ocrx_word' id='word_1_128' title='bbox 1101 1096 1204 1131; x_wconf 90' lang='lat' dir='ltr'>casale</span> <span class='ocrx_word' id='word_1_129' title='bbox 1219 1096 1319 1143; x_wconf 91' lang='lat' dir='ltr'>usque</span> <span class='ocrx_word' id='word_1_130' title='bbox 1336 1095 1379 1130; x_wconf 92' lang='lat' dir='ltr'>ad</span> <span class='ocrx_word' id='word_1_131' title='bbox 1392 1107 1428 1137; x_wconf 70' lang='grc'>3.,</span> <span class='ocrx_word' id='word_1_132' title='bbox 1436 1116 1457 1138; x_wconf 80' lang='lat' dir='ltr'>p.</span> <span class='ocrx_word' id='word_1_133' title='bbox 1469 1113 1523 1136; x_wconf 83' lang='lat'>233,</span> <span class='ocrx_word' id='word_1_134' title='bbox 1533 1114 1552 1129; x_wconf 75' lang='lat' dir='ltr'>c.</span> <span class='ocrx_word' id='word_1_135' title='bbox 1564 1112 1584 1130; x_wconf 78' lang='grc' dir='ltr'>ι.</span> 
     </span>
     <span class='ocr_line' id='line_1_17' title="bbox 345 1146 1378 1197; baseline 0.004 -17"><span class='ocrx_word' id='word_1_136' title='bbox 345 1146 510 1180; x_wconf 88' lang='lat' dir='ltr'>civitatem</span> <span class='ocrx_word' id='word_1_137' title='bbox 527 1146 782 1192; x_wconf 85' lang='lat' dir='ltr'>inveniebantur,</span> <span class='ocrx_word' id='word_1_138' title='bbox 807 1161 885 1183; x_wconf 89' lang='lat' dir='ltr'>cum</span> <span class='ocrx_word' id='word_1_139' title='bbox 911 1149 980 1184; x_wconf 82' lang='lat' dir='ltr'>aliis</span> <span class='ocrx_word' id='word_1_140' title='bbox 998 1149 1107 1197; x_wconf 91' lang='lat' dir='ltr'>spoliis</span> <span class='ocrx_word' id='word_1_141' title='bbox 1124 1150 1261 1185; x_wconf 61' lang='lat' dir='ltr'>vietores</span> <span class='ocrx_word' id='word_1_142' title='bbox 1280 1162 1378 1184; x_wconf 91' lang='lat' dir='ltr'>occu-</span> 
     </span>
     <span class='ocr_line' id='line_1_18' title="bbox 345 1199 1379 1247; baseline 0.004 -13"><span class='ocrx_word' id='word_1_143' title='bbox 345 1211 514 1247; x_wconf 89' lang='lat' dir='ltr'>paverunt.</span> <span class='ocrx_word' id='word_1_144' title='bbox 529 1200 622 1235; x_wconf 84' lang='lat' dir='ltr'>Multi</span> <span class='ocrx_word' id='word_1_145' title='bbox 635 1199 818 1246; x_wconf 84' lang='lat' dir='ltr'>bellatores,</span> <span class='ocrx_word' id='word_1_146' title='bbox 834 1202 949 1237; x_wconf 68' lang='lat' dir='ltr'>relictis</span> <span class='ocrx_word' id='word_1_147' title='bbox 964 1202 1115 1238; x_wconf 86' lang='lat' dir='ltr'>uxoribus</span> <span class='ocrx_word' id='word_1_148' title='bbox 1131 1215 1170 1238; x_wconf 88' lang='lat' dir='ltr'>ac</span> <span class='ocrx_word' id='word_1_149' title='bbox 1183 1202 1266 1247; x_wconf 89' lang='lat' dir='ltr'>filiis,</span> <span class='ocrx_word' id='word_1_150' title='bbox 1280 1203 1379 1238; x_wconf 90' lang='lat' dir='ltr'>territi</span> 
     </span>
     <span class='ocr_line' id='line_1_19' title="bbox 344 1254 1378 1304; baseline 0.004 -17"><span class='ocrx_word' id='word_1_151' title='bbox 344 1265 480 1301; x_wconf 88' lang='lat' dir='ltr'>propter</span> <span class='ocrx_word' id='word_1_152' title='bbox 496 1254 706 1301; x_wconf 89' lang='lat' dir='ltr'>inopinatum</span> <span class='ocrx_word' id='word_1_153' title='bbox 724 1254 901 1301; x_wconf 74' lang='lat' dir='ltr'>transitum,</span> <span class='ocrx_word' id='word_1_154' title='bbox 925 1255 967 1291; x_wconf 91' lang='lat' dir='ltr'>de</span> <span class='ocrx_word' id='word_1_155' title='bbox 984 1257 1139 1291; x_wconf 87' lang='lat' dir='ltr'>Damiata</span> <span class='ocrx_word' id='word_1_156' title='bbox 1157 1256 1320 1304; x_wconf 85' lang='lat' dir='ltr'>fugerunt,</span> <span class='ocrx_word' id='word_1_157' title='bbox 1343 1257 1378 1291; x_wconf 91' lang='lat'>&amp;</span> 
     </span>
     <span class='ocr_line' id='line_1_20' title="bbox 345 1305 1377 1358; baseline 0.005 -18"><span class='ocrx_word' id='word_1_158' title='bbox 345 1305 386 1341; x_wconf 80' lang='lat' dir='ltr'>sic</span> <span class='ocrx_word' id='word_1_159' title='bbox 402 1320 461 1355; x_wconf 89' lang='lat' dir='ltr'>per</span> <span class='ocrx_word' id='word_1_160' title='bbox 477 1320 595 1356; x_wconf 83' lang='lat' dir='ltr'>gyrum</span> <span class='ocrx_word' id='word_1_161' title='bbox 613 1306 746 1343; x_wconf 90' lang='lat' dir='ltr'>firmiter</span> <span class='ocrx_word' id='word_1_162' title='bbox 764 1307 889 1344; x_wconf 78' lang='lat' dir='ltr'>ob&#39;seffa</span> <span class='ocrx_word' id='word_1_163' title='bbox 909 1310 953 1344; x_wconf 87' lang='lat' dir='ltr'>est</span> <span class='ocrx_word' id='word_1_164' title='bbox 970 1310 1093 1346; x_wconf 89' lang='lat' dir='ltr'>civitas.</span> <span class='ocrx_word' id='word_1_165' title='bbox 1111 1309 1175 1345; x_wconf 90' lang='lat' dir='ltr'>Sed</span> <span class='ocrx_word' id='word_1_166' title='bbox 1189 1323 1256 1358; x_wconf 93' lang='lat' dir='ltr'>quo</span> <span class='ocrx_word' id='word_1_167' title='bbox 1271 1309 1377 1345; x_wconf 90' lang='lat' dir='ltr'>modo</span> 
     </span>
     <span class='ocr_line' id='line_1_21' title="bbox 345 1359 1376 1412; baseline 0.006 -18"><span class='ocrx_word' id='word_1_168' title='bbox 345 1360 499 1408; x_wconf 88' lang='lat' dir='ltr'>scriptum</span> <span class='ocrx_word' id='word_1_169' title='bbox 514 1361 575 1396; x_wconf 87' lang='lat' dir='ltr'>est:</span> <span class='ocrx_word' id='word_1_170' title='bbox 593 1377 610 1392; x_wconf 70' lang='lat' dir='ltr'>&lt;r</span> <span class='ocrx_word' id='word_1_171' title='bbox 627 1364 764 1396; x_wconf 83' lang='lat' dir='ltr'>Extrema</span> <span class='ocrx_word' id='word_1_172' title='bbox 782 1364 893 1409; x_wconf 83' lang='lat' dir='ltr'>gaudij</span> <span class='ocrx_word' id='word_1_173' title='bbox 911 1365 1008 1398; x_wconf 76' lang='lat' dir='ltr'>lut‘lus</span> <span class='ocrx_word' id='word_1_174' title='bbox 1025 1377 1150 1411; x_wconf 84' lang='lat' dir='ltr'>occupat</span> <span class='ocrx_word' id='word_1_175' title='bbox 1164 1379 1182 1395; x_wconf 83' lang='lat'><em>»</em></span> <span class='ocrx_word' id='word_1_176' title='bbox 1201 1359 1376 1412; x_wconf 57' lang='lat' dir='ltr'>(proverb,</span> 
     </span>
     <span class='ocr_line' id='line_1_22' title="bbox 344 1413 1376 1462; baseline 0.004 -14"><span class='ocrx_word' id='word_1_177' title='bbox 344 1423 420 1456; x_wconf 85' lang='lat' dir='ltr'>XIV,</span> <span class='ocrx_word' id='word_1_178' title='bbox 446 1416 515 1462; x_wconf 83' lang='lat'>13),</span> <span class='ocrx_word' id='word_1_179' title='bbox 534 1413 575 1449; x_wconf 86' lang='lat' dir='ltr'>sic</span> <span class='ocrx_word' id='word_1_180' title='bbox 592 1416 626 1450; x_wconf 73' lang='grc' dir='ltr'>δε</span> <span class='ocrx_word' id='word_1_181' title='bbox 644 1429 684 1451; x_wconf 88' lang='lat' dir='ltr'>ve</span> <span class='ocrx_word' id='word_1_182' title='bbox 698 1422 707 1437; x_wconf 91' lang='lat'>¹</span> <span class='ocrx_word' id='word_1_183' title='bbox 722 1415 910 1451; x_wconf 83' lang='lat' dir='ltr'>succeffibus</span> <span class='ocrx_word' id='word_1_184' title='bbox 927 1417 1032 1452; x_wconf 87' lang='lat' dir='ltr'>eciam</span> <span class='ocrx_word' id='word_1_185' title='bbox 1050 1416 1196 1452; x_wconf 87' lang='lat' dir='ltr'>felicibus</span> <span class='ocrx_word' id='word_1_186' title='bbox 1214 1430 1234 1452; x_wconf 92' lang='lat' dir='ltr'>a</span> <span class='ocrx_word' id='word_1_187' title='bbox 1252 1415 1376 1453; x_wconf 79' lang='lat' dir='ltr'>casibus</span> 
     </span>
     <span class='ocr_line' id='line_1_23' title="bbox 344 1466 1376 1517; baseline 0.005 -16"><span class='ocrx_word' id='word_1_188' title='bbox 344 1466 498 1503; x_wconf 87' lang='lat' dir='ltr'>adversis!</span> <span class='ocrx_word' id='word_1_189' title='bbox 517 1469 647 1516; x_wconf 83' lang='lat' dir='ltr'>Agente</span> <span class='ocrx_word' id='word_1_190' title='bbox 661 1468 820 1516; x_wconf 86' lang='lat' dir='ltr'>siquidem</span> <span class='ocrx_word' id='word_1_191' title='bbox 834 1469 1056 1517; x_wconf 89' lang='lat' dir='ltr'>quorumdam</span> <span class='ocrx_word' id='word_1_192' title='bbox 1073 1471 1228 1506; x_wconf 89' lang='lat' dir='ltr'>falsorum</span> <span class='ocrx_word' id='word_1_193' title='bbox 1242 1471 1376 1506; x_wconf 85' lang='lat' dir='ltr'>fratrum</span> 
     </span>
     <span class='ocr_line' id='line_1_24' title="bbox 343 1520 1374 1572; baseline 0.004 -17"><span class='ocrx_word' id='word_1_194' title='bbox 343 1520 479 1568; x_wconf 87' lang='lat' dir='ltr'>perfidia</span> <span class='ocrx_word' id='word_1_195' title='bbox 494 1522 616 1556; x_wconf 64' lang='lat' dir='ltr'>fac&#39;tum</span> <span class='ocrx_word' id='word_1_196' title='bbox 629 1522 683 1566; x_wconf 88' lang='lat' dir='ltr'>est,</span> <span class='ocrx_word' id='word_1_197' title='bbox 702 1535 735 1557; x_wconf 92' lang='lat' dir='ltr'>ut</span> <span class='ocrx_word' id='word_1_198' title='bbox 750 1523 866 1568; x_wconf 85' lang='lat' dir='ltr'>hostes,</span> <span class='ocrx_word' id='word_1_199' title='bbox 885 1524 1053 1572; x_wconf 87' lang='lat' dir='ltr'>resumptis</span> <span class='ocrx_word' id='word_1_200' title='bbox 1066 1523 1186 1559; x_wconf 90' lang='lat' dir='ltr'>viribus</span> <span class='ocrx_word' id='word_1_201' title='bbox 1198 1525 1233 1559; x_wconf 91' lang='lat'>&amp;</span> <span class='ocrx_word' id='word_1_202' title='bbox 1246 1525 1374 1569; x_wconf 88' lang='lat' dir='ltr'>animis,</span> 
     </span>
     <span class='ocr_line' id='line_1_25' title="bbox 344 1574 1374 1624; baseline 0.005 -16"><span class='ocrx_word' id='word_1_203' title='bbox 344 1574 537 1609; x_wconf 88' lang='lat' dir='ltr'>adveniente</span> <span class='ocrx_word' id='word_1_204' title='bbox 556 1575 730 1610; x_wconf 89' lang='lat' dir='ltr'>Coradino</span> <span class='ocrx_word' id='word_1_205' title='bbox 745 1589 821 1611; x_wconf 90' lang='lat' dir='ltr'>cum</span> <span class='ocrx_word' id='word_1_206' title='bbox 831 1576 1002 1624; x_wconf 86' lang='lat' dir='ltr'>Alappinis</span> <span class='ocrx_word' id='word_1_207' title='bbox 1019 1579 1054 1612; x_wconf 69' lang='grc' dir='ltr'>ὅ(</span> <span class='ocrx_word' id='word_1_208' title='bbox 1071 1578 1215 1612; x_wconf 85' lang='lat' dir='ltr'>maxima</span> <span class='ocrx_word' id='word_1_209' title='bbox 1231 1577 1374 1612; x_wconf 87' lang='lat' dir='ltr'>multiru-</span> 
     </span>
     <span class='ocr_line' id='line_1_26' title="bbox 344 1627 1373 1678; baseline 0.004 -16"><span class='ocrx_word' id='word_1_210' title='bbox 344 1627 431 1673; x_wconf 88' lang='lat' dir='ltr'>dine,</span> <span class='ocrx_word' id='word_1_211' title='bbox 449 1627 633 1663; x_wconf 77' lang='lat' dir='ltr'>obsidentes</span> <span class='ocrx_word' id='word_1_212' title='bbox 647 1630 811 1665; x_wconf 90' lang='lat' dir='ltr'>civitatem</span> <span class='ocrx_word' id='word_1_213' title='bbox 824 1629 1011 1665; x_wconf 84' lang='lat' dir='ltr'>christianos</span> <span class='ocrx_word' id='word_1_214' title='bbox 1025 1629 1232 1678; x_wconf 81' lang='lat' dir='ltr'>periculosius</span> <span class='ocrx_word' id='word_1_215' title='bbox 1247 1629 1373 1666; x_wconf 87' lang='lat' dir='ltr'>obfide-</span> 
     </span>
     <span class='ocr_line' id='line_1_27' title="bbox 343 1681 1373 1732; baseline 0.005 -17"><span class='ocrx_word' id='word_1_216' title='bbox 343 1693 413 1716; x_wconf 86' lang='lat' dir='ltr'>rent</span> <span class='ocrx_word' id='word_1_217' title='bbox 430 1683 474 1725; x_wconf 87' lang='lat'>&amp;,</span> <span class='ocrx_word' id='word_1_218' title='bbox 502 1681 654 1730; x_wconf 82' lang='lat' dir='ltr'>nifi²per</span> <span class='ocrx_word' id='word_1_219' title='bbox 671 1682 819 1718; x_wconf 90' lang='lat' dir='ltr'>divinum</span> <span class='ocrx_word' id='word_1_220' title='bbox 844 1682 1015 1718; x_wconf 84' lang='lat' dir='ltr'>consilium</span> <span class='ocrx_word' id='word_1_221' title='bbox 1041 1685 1146 1732; x_wconf 87' lang='lat' dir='ltr'>prima</span> <span class='ocrx_word' id='word_1_222' title='bbox 1171 1685 1281 1728; x_wconf 88' lang='lat' dir='ltr'>castra,</span> <span class='ocrx_word' id='word_1_223' title='bbox 1310 1697 1373 1732; x_wconf 93' lang='lat' dir='ltr'>que</span> 
     </span>
     <span class='ocr_line' id='line_1_28' title="bbox 342 1735 1374 1785; baseline 0.005 -17"><span class='ocrx_word' id='word_1_224' title='bbox 342 1747 433 1769; x_wconf 89' lang='lat' dir='ltr'>erant</span> <span class='ocrx_word' id='word_1_225' title='bbox 449 1735 533 1770; x_wconf 88' lang='lat' dir='ltr'>inter</span> <span class='ocrx_word' id='word_1_226' title='bbox 546 1749 635 1770; x_wconf 89' lang='lat' dir='ltr'>mare</span> <span class='ocrx_word' id='word_1_227' title='bbox 653 1737 687 1771; x_wconf 72' lang='grc' dir='ltr'>δε</span> <span class='ocrx_word' id='word_1_228' title='bbox 702 1735 849 1782; x_wconf 83' lang='lat' dir='ltr'>fluvium,</span> <span class='ocrx_word' id='word_1_229' title='bbox 868 1749 992 1772; x_wconf 84' lang='lat' dir='ltr'>retenta</span> <span class='ocrx_word' id='word_1_230' title='bbox 1010 1736 1140 1772; x_wconf 78' lang='lat' dir='ltr'>fuissent</span> <span class='ocrx_word' id='word_1_231' title='bbox 1157 1738 1298 1772; x_wconf 82' lang='lat' dir='ltr'>maxime</span> <span class='ocrx_word' id='word_1_232' title='bbox 1315 1751 1374 1785; x_wconf 88' lang='lat' dir='ltr'>per</span> 
     </span>
     <span class='ocr_line' id='line_1_29' title="bbox 342 1787 1373 1838; baseline 0.006 -18"><span class='ocrx_word' id='word_1_233' title='bbox 342 1787 482 1823; x_wconf 83' lang='lat' dir='ltr'>Frisones</span> <span class='ocrx_word' id='word_1_234' title='bbox 499 1790 533 1823; x_wconf 91' lang='lat'>&amp;</span> <span class='ocrx_word' id='word_1_235' title='bbox 550 1789 786 1834; x_wconf 87' lang='lat' dir='ltr'>Theutonicos,</span> <span class='ocrx_word' id='word_1_236' title='bbox 808 1802 921 1838; x_wconf 89' lang='lat' dir='ltr'>portus</span> <span class='ocrx_word' id='word_1_237' title='bbox 939 1789 1035 1826; x_wconf 88' lang='lat' dir='ltr'>nobis</span> <span class='ocrx_word' id='word_1_238' title='bbox 1053 1789 1178 1825; x_wconf 89' lang='lat' dir='ltr'>ablatus</span> <span class='ocrx_word' id='word_1_239' title='bbox 1196 1789 1313 1836; x_wconf 82' lang='lat' dir='ltr'>fuisset,</span> <span class='ocrx_word' id='word_1_240' title='bbox 1337 1793 1373 1826; x_wconf 69' lang='grc' dir='ltr'>δι</span> 
     </span>
     <span class='ocr_line' id='line_1_30' title="bbox 342 1842 1371 1891; baseline 0.004 -16"><span class='ocrx_word' id='word_1_241' title='bbox 342 1843 521 1889; x_wconf 88' lang='lat' dir='ltr'>negocium</span> <span class='ocrx_word' id='word_1_242' title='bbox 537 1842 713 1889; x_wconf 88' lang='lat' dir='ltr'>plurimum</span> <span class='ocrx_word' id='word_1_243' title='bbox 726 1843 945 1891; x_wconf 89' lang='lat' dir='ltr'>periclitatum</span> <span class='ocrx_word' id='word_1_244' title='bbox 958 1843 1132 1879; x_wconf 81' lang='lat' dir='ltr'>vacilaffet.</span> <span class='ocrx_word' id='word_1_245' title='bbox 1146 1843 1210 1879; x_wconf 89' lang='lat' dir='ltr'>Sed</span> <span class='ocrx_word' id='word_1_246' title='bbox 1227 1856 1263 1879; x_wconf 90' lang='lat' dir='ltr'>ut</span> <span class='ocrx_word' id='word_1_247' title='bbox 1275 1845 1371 1879; x_wconf 89' lang='lat' dir='ltr'>mira-</span> 
     </span>
     <span class='ocr_line' id='line_1_31' title="bbox 342 1895 1577 1943; baseline 0.001 -13"><span class='ocrx_word' id='word_1_248' title='bbox 342 1895 452 1930; x_wconf 89' lang='lat' dir='ltr'>culum</span> <span class='ocrx_word' id='word_1_249' title='bbox 469 1896 586 1943; x_wconf 87' lang='lat' dir='ltr'>prefati</span> <span class='ocrx_word' id='word_1_250' title='bbox 606 1895 750 1931; x_wconf 75' lang='lat' dir='ltr'>transitus</span> <span class='ocrx_word' id='word_1_251' title='bbox 772 1896 1056 1932; x_wconf 88' lang='lat' dir='ltr'>commendaretur</span> <span class='ocrx_word' id='word_1_252' title='bbox 1073 1899 1107 1932; x_wconf 92' lang='lat'>&amp;</span> <span class='ocrx_word' id='word_1_253' title='bbox 1125 1897 1185 1932; x_wconf 83' lang='lat' dir='ltr'>soli</span> <span class='ocrx_word' id='word_1_254' title='bbox 1206 1898 1335 1933; x_wconf 90' lang='lat' dir='ltr'>Christo</span> <span class='ocrx_word' id='word_1_255' title='bbox 1359 1905 1370 1928; x_wconf 84' lang='lat'><strong>³</strong></span> <span class='ocrx_word' id='word_1_256' title='bbox 1387 1909 1424 1938; x_wconf 88' lang='lat' dir='ltr'>v.‚</span> <span class='ocrx_word' id='word_1_257' title='bbox 1436 1907 1475 1939; x_wconf 83' lang='lat' dir='ltr'>f.9</span> <span class='ocrx_word' id='word_1_258' title='bbox 1486 1909 1577 1938; x_wconf 45' lang='grc' dir='ltr'>κῆαι.</span> 
     </span>
     <span class='ocr_line' id='line_1_32' title="bbox 342 1948 1371 1996; baseline 0.003 -13"><span class='ocrx_word' id='word_1_259' title='bbox 342 1948 559 1993; x_wconf 87' lang='lat' dir='ltr'>ascriberetur,</span> <span class='ocrx_word' id='word_1_260' title='bbox 578 1949 620 1984; x_wconf 91' lang='lat' dir='ltr'>ad</span> <span class='ocrx_word' id='word_1_261' title='bbox 639 1962 763 1985; x_wconf 89' lang='lat' dir='ltr'>tantam</span> <span class='ocrx_word' id='word_1_262' title='bbox 784 1951 949 1985; x_wconf 81' lang='lat' dir='ltr'>sarraceni</span> <span class='ocrx_word' id='word_1_263' title='bbox 966 1950 1127 1987; x_wconf 89' lang='lat' dir='ltr'>devenere</span> <span class='ocrx_word' id='word_1_264' title='bbox 1145 1952 1371 1996; x_wconf 87' lang='lat' dir='ltr'>temeritatem,</span> 
     </span>
     <span class='ocr_line' id='line_1_33' title="bbox 343 2001 1371 2054; baseline 0.004 -18"><span class='ocrx_word' id='word_1_265' title='bbox 343 2014 378 2036; x_wconf 91' lang='lat' dir='ltr'>ut</span> <span class='ocrx_word' id='word_1_266' title='bbox 395 2001 540 2037; x_wconf 86' lang='lat' dir='ltr'>diluculo</span> <span class='ocrx_word' id='word_1_267' title='bbox 558 2002 683 2038; x_wconf 86' lang='lat' dir='ltr'>sabbati</span> <span class='ocrx_word' id='word_1_268' title='bbox 698 2014 774 2038; x_wconf 89' lang='lat' dir='ltr'>ante</span> <span class='ocrx_word' id='word_1_269' title='bbox 794 2004 929 2038; x_wconf 84' lang='lat' dir='ltr'>terciam</span> <span class='ocrx_word' id='word_1_270' title='bbox 947 2003 1204 2054; x_wconf 84' lang='lat' dir='ltr'>Qadragesime</span> <span class='ocrx_word' id='word_1_271' title='bbox 1218 2005 1371 2040; x_wconf 88' lang='lat' dir='ltr'>Domini-</span> 
     </span>
    </p>
   </div>
   <div class='ocr_carea' id='block_1_3' title="bbox 382 2122 962 2154">
    <p class='ocr_par' dir='ltr' id='par_1_3' title="bbox 382 2122 962 2154">
     <span class='ocr_line' id='line_1_34' title="bbox 382 2122 962 2154; baseline 0.007 -7"><span class='ocrx_word' id='word_1_272' title='bbox 382 2131 391 2147; x_wconf 88' lang='lat'>1</span> <span class='ocrx_word' id='word_1_273' title='bbox 410 2123 438 2149; x_wconf 81' lang='lat' dir='ltr'>V.</span> <span class='ocrx_word' id='word_1_274' title='bbox 449 2131 488 2148; x_wconf 89' lang='lat' dir='ltr'>ne.</span> <span class='ocrx_word' id='word_1_275' title='bbox 503 2137 535 2141; x_wconf 94' lang='lat'><strong>—</strong></span> <span class='ocrx_word' id='word_1_276' title='bbox 549 2132 563 2148; x_wconf 86' lang='lat'>2</span> <span class='ocrx_word' id='word_1_277' title='bbox 579 2124 607 2149; x_wconf 88' lang='lat' dir='ltr'>V.</span> <span class='ocrx_word' id='word_1_278' title='bbox 623 2122 674 2148; x_wconf 85' lang='lat' dir='ltr'>ubi.</span> <span class='ocrx_word' id='word_1_279' title='bbox 688 2137 721 2141; x_wconf 86' lang='lat'>-</span> <span class='ocrx_word' id='word_1_280' title='bbox 738 2131 750 2154; x_wconf 88' lang='lat'>3</span> <span class='ocrx_word' id='word_1_281' title='bbox 768 2124 797 2148; x_wconf 88' lang='lat' dir='ltr'>V.</span> <span class='ocrx_word' id='word_1_282' title='bbox 816 2123 962 2151; x_wconf 82' lang='lat' dir='ltr'>christiano.</span> 
     </span>
    </p>
   </div>
  </div>
 </body>
</html>
