1624 2788
590 256 811 283 PRAEFATxo.
1130 252 1212 296 xxvij

189 365 258 390 totus
276 359 334 390 iam
352 372 371 391 a
389 360 559 394 Muratoria
579 363 664 394 editus
678 365 751 405 fuit.
777 365 837 396 Hic
851 367 941 406 codex,
964 368 1022 399 iam
1038 369 1073 399 ab
1089 369 1212 409 Alfredo

189 406 274 438 Dave
292 416 302 432 ¹
326 409 360 439 ἔθ’
384 417 448 440 ante
477 411 513 441 ab
540 411 852 445 Huilliard·Brbholles
876 423 1030 447 accuratu
1054 417 1214 461 descriptus,

188 456 345 497 cuiusfolia
358 457 387 487 in
399 459 478 490 binas
491 460 630 491 columnas
638 461 815 502 dividuntur,
824 464 895 495 duas
906 463 988 495 habet
996 472 1101 506 partes.
1118 466 1214 507 Prior,

186 504 216 534 in
241 505 317 536 cuius
333 507 502 547 praesau'one
521 514 617 540 αιιέῖον
636 518 700 551 opus
709 511 814 555 suum:
836 525 847 539 ‹
873 512 970 543 Breve
995 514 1212 555 compendium

187 552 351 584 colleaum
366 565 403 585 ex
419 557 508 587 variis
522 558 652 589 cronicis
664 558 693 590 δι
708 570 761 600 per
773 561 913 591 ordinem
929 561 1075 602 digestum
1085 563 1123 593 de
1135 571 1213 594 tem-

188 602 321 642 poribus,
333 604 390 634 &c.
406 616 417 631 ›
432 612 528 644 vocat,
549 618 610 646 quae
626 608 709 651 usque
724 609 764 638 ad
776 620 880 639 annum
895 609 1026 641 MCCX
1023 610 1049 641 C
1052 612 1130 653 gesta
1131 612 1212 656 sunt,

186 649 224 691 87
233 650 384 691 paginis&
394 652 451 692 308
462 654 596 694 capitibus
603 656 724 695 continet,
737 669 851 697 quorum
861 658 889 687 in
902 658 1077 701 ducentqfimo
1087 659 1213 701 vicesimo

187 698 284 731 Gesta
297 698 460 732 obsidionis
477 701 629 734 Damiatae
642 705 783 745 incipiunt.
798 705 896 736 Altera
916 718 984 737 vero
995 715 1066 749 pars
1080 707 1163 738 habet
1174 717 1213 749 34

181 746 257 788 solia
270 748 398 779 manibus
412 749 508 789 XIII,
523 750 609 783 XIV
622 753 655 782 ἔθ’
673 753 710 782 X
711 752 741 784 V
739 754 911 797 saeculorum
917 755 1042 798 scripta,
1060 755 1167 799 eiusque
1182 756 1211 785 in

185 796 260 826 initio
270 796 390 837 legitur:
404 796 518 839 Incipit
532 799 609 830 liber
623 802 756 832 cronicae
772 803 988 843 imperatorum
1004 804 1168 834 latinorum
1183 803 1212 835 δι

185 854 354 885 graecorum
375 846 405 876 δι
417 857 523 887 regum
542 848 811 890 longobardorum.
837 851 1013 882 Collationem
1034 859 1120 882 textus
1134 852 1212 883 Mu-

185 893 335 933 ratoriani,
357 906 418 926 cum
439 896 524 927 codice
550 897 608 941 ipso
623 898 740 939 fallam
761 900 885 931 debemus
908 901 1073 932 liberalitati
1097 900 1213 931 Domini

186 940 325 972 Ludovici
338 942 419 983 Lodi,
434 945 599 975 bibliothecae
613 947 697 986 regiae
711 947 829 990 Estenfis
844 949 1039 990 vicepraefebii.

225 990 296 1021 Cum
316 991 363 1022 boc
377 993 463 1023 codice
478 993 641 1036 Mutinenfi
659 996 772 1026 codicem
789 996 985 1041 Paristensem‚
1007 1009 1084 1038 quem
1103 997 1212 1038 primus

185 1038 499 1072 Huilliard-Briholles
513 1042 697 1082 laudaverat,
712 1045 879 1076 contulimus.

225 1087 329 1119 Codicis
339 1088 530 1133 Londoniensts
540 1099 551 1121 3
565 1096 661 1122 aulior
672 1100 790 1123 vocatur
806 1093 942 1135 presbyter
955 1094 1066 1135 quidam
1079 1094 1212 1125 Iohannes

184 1137 217 1167 de
236 1135 349 1168 Tulbia.
364 1137 466 1179 Quum
481 1150 548 1170 vero
562 1141 629 1170 urbs
643 1140 759 1171 Tulbia
775 1142 867 1172 eadem
877 1143 928 1184 fit,
943 1154 1004 1182 quae
1019 1154 1090 1173 nunc
1104 1142 1209 1173 Tolve

184 1186 354 1224 nominatur,
373 1186 493 1217 chronici
506 1187 716 1232 buiusstriptor
731 1190 916 1231 clericusfuit
928 1203 960 1221 ex
973 1191 1106 1232 inforiore.
1122 1190 1211 1222 Italia

184 1240 268 1265 ortus.
277 1240 293 1263 4

222 1282 358 1324 Quartus
368 1291 455 1315 textus
461 1286 571 1327 prostat
577 1285 605 1315 in
617 1286 702 1316 codice
714 1287 830 1327 quodam
839 1286 875 1317 H
876 1287 1043 1329 eidelbergen
1039 1287 1078 1330 st,
1087 1295 1099 1319 5
1109 1288 1138 1318 in
1147 1287 1210 1331 Cis-

183 1331 352 1373 tercimstum
366 1332 488 1375 clanstro
500 1333 601 1372 Salem,
614 1334 779 1376 Constantiae
793 1335 860 1366 urbi
873 1336 970 1375 vicino,
979 1337 1040 1367 olim
1052 1337 1208 1378 afflrvato‚

183 1380 333 1421 eodemque,
343 1393 375 1411 ex
387 1393 438 1422 quo
445 1381 571 1424 Canistus
582 1382 788 1414 celeberrimam
801 1384 965 1415 Historiam
979 1386 1209 1426 peregrinorum

183 1428 272 1459 edidit.
300 1429 332 1459 In
354 1430 448 1460 eadem
471 1430 566 1461 codicis
583 1437 677 1471 parte,
698 1443 716 1461 a
727 1431 780 1471 fol.
800 1432 880 1472 171b
897 1433 980 1476 usque
996 1434 1036 1463 ad
1044 1434 1103 1474 fol.
1123 1434 1211 1475 1832,

182 1477 327 1518 eademque
341 1479 562 1522 manuscripta,
586 1479 653 1520 inest
674 1486 761 1510 textus
775 1481 879 1519 nostin,-
898 1482 1008 1522 paginis
1027 1483 1211 1513 anterioribus

221 1575 230 1590 ι
247 1567 330 1598 nove,
347 1566 395 1592 Die
406 1568 597 1601 Doppelchronik
611 1578 663 1594 von

182 1605 279 1639 Reggis,
298 1615 324 1640 p.
342 1609 428 1639 ¹8-23,
452 1610 490 1640 56.
515 1609 555 1634 De
578 1608 662 1634 indole

182 1653 241 1671 vero
263 1646 417 1672 Memoriali:
440 1648 580 1681 potestatum
602 1649 663 1681 Reg-

176 1685 293 1719 gienfium
300 1686 470 1718 conferantur,
479 1696 538 1722 quae
545 1688 663 1713 Winkel-

182 1733 257 1750 mann
266 1726 402 1759 (Gottinger
407 1726 520 1752 Gelehrte
529 1727 661 1761 Anzeigen,

183 1767 260 1796 1873,
278 1773 302 1800 p.
326 1768 484 1798 1842-1846)
501 1767 525 1792 δι
542 1767 664 1792 Scheffer-

182 1804 315 1830 Boichorst
340 1805 451 1838 (Jenaer
470 1805 663 1832 Literatur-Zei-

181 1849 249 1878 νινε,
273 1848 348 1877 1874,
370 1852 398 1870 ¹¹⁰
423 1853 464 1876 30,
487 1854 510 1879 1>-
533 1847 662 1879 455·457)

180 1883 351 1918 disputarunt.
372 1886 401 1910 In
423 1885 512 1910 codice
537 1885 662 1911 Parifienfi

181 1923 318 1957 (Biblioth.
339 1925 444 1957 natium,
467 1932 496 1950 n⁰
520 1928 597 1958 9076,
618 1925 662 1950 fol.

181 1965 282 1996 65a-79
288 1964 326 1998 b),
336 1964 468 1990 recentiori
479 1973 555 1990 manu
566 1964 662 1999 scripto,

181 2007 272 2033 textus,
279 2012 295 2028 a
303 2003 452 2029 Muratorio
461 2004 550 2035 editus,
560 2004 661 2038 prostat.

217 2052 231 2067 2
248 2043 380 2069 chronicon
390 2043 560 2075 Placentinum,
573 2044 663 2077 p.xvij.

218 2091 231 2114 3
242 2082 334 2108 Britissi
342 2083 470 2114 Museum,
479 2083 561 2115 narn„
570 2088 600 2108 n⁰
610 2086 666 2115 108,

181 2122 286 2148 membr.
301 2122 356 2149 saec.
375 2123 445 2156 xm,
461 2122 503 2149 fol.
523 2125 554 2148 28
569 2123 628 2154 b-37
644 2124 665 2149 b.

758 1579 775 1600 4
789 1569 898 1599 Tulbia,
923 1570 983 1595 alias
1007 1569 1096 1602 Tulba,
1121 1570 1212 1596 ‘l'ulbiti

725 1616 868 1643 nuncupata
892 1610 1015 1643 (Ugheni,
1044 1610 1101 1636 Ital.
1122 1610 1211 1644 sacra,

725 1656 773 1680 vu,
795 1658 844 1681 ιφ,
862 1648 936 1682 Jaffe·
959 1650 1016 1683 Reg·
1028 1655 1104 1684 pm,
1121 1651 1211 1684 3435),

725 1697 791 1714 nunc
805 1696 909 1714 vocatur
926 1689 1013 1721 Tolve,
1035 1699 1093 1724 quae
1113 1690 1157 1715 fita
1178 1690 1211 1715 est

725 1727 748 1753 in
764 1728 893 1762 provincia
909 1728 1048 1761 mimicam,
1062 1738 1143 1763 prope
1160 1730 1212 1755 Po-

725 1767 832 1793 tentiam
860 1769 883 1793 &
908 1768 1094 1794 Acherumiam
1120 1769 1207 1802 (Ace-

725 1808 820 1841 renza),
843 1807 874 1833 de
896 1816 946 1842 qua
965 1808 1051 1834 videas
1066 1809 1208 1842 Zuccagni-

726 1846 869 1879 Orlandini,
886 1848 1030 1881 Corografia
1049 1848 1105 1873 dell*
1125 1848 1210 1880 ltalia,

725 1893 764 1917 xi,
778 1886 867 1920 suppk,
883 1895 940 1919 247.
955 1887 1077 1912 Iohannis
1087 1896 1146 1913 vero
1155 1888 1210 1913 nos—

728 1925 757 1950 tri
771 1926 892 1959 nusquam
909 1926 1052 1952 invenimus
1065 1926 1174 1961 vestigia.

762 1975 774 1998 5
799 1966 878 1991 Saiem
900 1973 936 1997 lx,
959 1975 1000 1998 29,
1025 1968 1130 1992 membr.
1155 1967 1208 1993 saec.

726 2005 800 2035 xm,
831 2005 875 2030 fol.
904 2006 1069 2038 175h-183a.
1105 2006 1207 2032 Codicis

727 2044 802 2070 nostri
825 2044 904 2078 prima
923 2045 991 2070 fafia
1010 2045 1043 2070 est
1066 2045 1162 2071 mentio
1183 2046 1208 2071 in

728 2085 809 2115 Peru,
817 2084 925 2117 Archiv,
939 2092 977 2116 lx,
990 2087 1046 2116 583.
1060 2086 1126 2110 Eum
1136 2085 1206 2110 nobis

729 2123 838 2150 maxima
855 2132 912 2150 cum
932 2124 1078 2151 liberalitate
1096 2125 1206 2160 praestitit
