<?xml version="1.0" encoding="UTF-8"?>
<!DOCTYPE html PUBLIC "-//W3C//DTD XHTML 1.0 Transitional//EN"
    "http://www.w3.org/TR/xhtml1/DTD/xhtml1-transitional.dtd">
<html xmlns="http://www.w3.org/1999/xhtml" xml:lang="en" lang="en">
 <head>
  <title>
</title>
<meta http-equiv="Content-Type" content="text/html;charset=utf-8" />
  <meta name='ocr-system' content='tesseract 3.04.00' />
  <meta name='ocr-capabilities' content='ocr_page ocr_carea ocr_par ocr_line ocrx_word'/>
</head>
<body>
  <div class='ocr_page' id='page_1' title='image "./quintibellisacri00rhuoft_0111.png"; bbox 0 0 1624 2788; ppageno 0'>
   <div class='ocr_carea' id='block_1_1' title="bbox 457 227 1271 268">
    <p class='ocr_par' dir='ltr' id='par_1_1' title="bbox 457 227 1271 268">
     <span class='ocr_line' id='line_1_1' title="bbox 457 227 1271 268; baseline -0.002 -12"><span class='ocrx_word' id='word_1_1' title='bbox 457 230 763 256; x_wconf 85' lang='lat' dir='ltr'>CRUCIGERORUM</span> <span class='ocrx_word' id='word_1_2' title='bbox 789 229 1072 256; x_wconf 74' lang='lat' dir='ltr'>RHENANORUM.</span> <span class='ocrx_word' id='word_1_3' title='bbox 1231 229 1246 267; x_wconf 72' lang='grc' dir='ltr'><strong><em>ς</em></strong></span> <span class='ocrx_word' id='word_1_4' title='bbox 1253 227 1271 268; x_wconf 79' lang='lat'>5</span> 
     </span>
    </p>
   </div>
   <div class='ocr_carea' id='block_1_2' title="bbox 250 331 1379 391">
    <p class='ocr_par' dir='ltr' id='par_1_2' title="bbox 250 331 1379 391">
     <span class='ocr_line' id='line_1_2' title="bbox 250 331 1379 391; baseline -0.001 -15"><span class='ocrx_word' id='word_1_5' title='bbox 250 342 345 391; x_wconf 77' lang='lat' dir='ltr'>Igitur</span> <span class='ocrx_word' id='word_1_6' title='bbox 369 354 473 377; x_wconf 88' lang='lat' dir='ltr'>nonas</span> <span class='ocrx_word' id='word_1_7' title='bbox 489 339 698 386; x_wconf 85' lang='lat' dir='ltr'>Novembris,</span> <span class='ocrx_word' id='word_1_8' title='bbox 714 340 879 376; x_wconf 90' lang='lat' dir='ltr'>Salvatore</span> <span class='ocrx_word' id='word_1_9' title='bbox 895 339 1011 375; x_wconf 90' lang='lat' dir='ltr'>mundi</span> <span class='ocrx_word' id='word_1_10' title='bbox 1025 351 1193 389; x_wconf 82' lang='lat' dir='ltr'>regnante,</span> <span class='ocrx_word' id='word_1_11' title='bbox 1213 339 1274 375; x_wconf 93' lang='lat' dir='ltr'>do-</span> <span class='ocrx_word' id='word_1_12' title='bbox 1287 331 1379 387; x_wconf 54' lang='lat' dir='ltr'>N¹o²v¹-⁹s</span> 
     </span>
    </p>
   </div>
   <div class='ocr_carea' id='block_1_3' title="bbox 39 392 1381 2147">
    <p class='ocr_par' dir='ltr' id='par_1_3' title="bbox 9 392 1381 2147">
     <span class='ocr_line' id='line_1_3' title="bbox 41 392 1274 442; baseline -0.002 -12"><span class='ocrx_word' id='word_1_13' title='bbox 41 401 234 433; x_wconf 44' lang='lat' dir='ltr'>vqfinvqm.</span> <span class='ocrx_word' id='word_1_14' title='bbox 247 397 340 430; x_wconf 91' lang='lat' dir='ltr'>mino</span> <span class='ocrx_word' id='word_1_15' title='bbox 357 395 460 439; x_wconf 80' lang='lat' dir='ltr'>Petro,</span> <span class='ocrx_word' id='word_1_16' title='bbox 478 393 650 429; x_wconf 84' lang='lat' dir='ltr'>Albanenfi</span> <span class='ocrx_word' id='word_1_17' title='bbox 669 395 837 442; x_wconf 83' lang='lat' dir='ltr'>episcopo,</span> <span class='ocrx_word' id='word_1_18' title='bbox 859 394 1036 441; x_wconf 88' lang='lat' dir='ltr'>apostolice</span> <span class='ocrx_word' id='word_1_19' title='bbox 1054 392 1135 429; x_wconf 90' lang='lat' dir='ltr'>sedis</span> <span class='ocrx_word' id='word_1_20' title='bbox 1151 393 1274 442; x_wconf 87' lang='lat' dir='ltr'>legato,</span> 
     </span>
     <span class='ocr_line' id='line_1_4' title="bbox 248 445 1274 497; baseline -0.001 -15"><span class='ocrx_word' id='word_1_21' title='bbox 248 448 444 483; x_wconf 83' lang='lat' dir='ltr'>sollemniter</span> <span class='ocrx_word' id='word_1_22' title='bbox 459 448 626 497; x_wconf 84' lang='lat' dir='ltr'>vigilante,</span> <span class='ocrx_word' id='word_1_23' title='bbox 643 460 732 482; x_wconf 90' lang='lat' dir='ltr'>anno</span> <span class='ocrx_word' id='word_1_24' title='bbox 745 448 855 495; x_wconf 87' lang='lat' dir='ltr'>gracie</span> <span class='ocrx_word' id='word_1_25' title='bbox 872 445 1041 482; x_wconf 85' lang='lat' dir='ltr'>millesimo</span> <span class='ocrx_word' id='word_1_26' title='bbox 1054 445 1274 482; x_wconf 82' lang='lat' dir='ltr'>ducentefimo</span> 
     </span>
     <span class='ocr_line' id='line_1_5' title="bbox 247 499 1275 548; baseline -0.002 -12"><span class='ocrx_word' id='word_1_27' title='bbox 247 514 340 536; x_wconf 89' lang='lat' dir='ltr'>nono</span> <span class='ocrx_word' id='word_1_28' title='bbox 358 501 490 536; x_wconf 90' lang='lat' dir='ltr'>decimo</span> <span class='ocrx_word' id='word_1_29' title='bbox 509 513 606 548; x_wconf 87' lang='lat' dir='ltr'>capta</span> <span class='ocrx_word' id='word_1_30' title='bbox 630 502 674 536; x_wconf 89' lang='lat' dir='ltr'>est</span> <span class='ocrx_word' id='word_1_31' title='bbox 698 501 852 535; x_wconf 91' lang='lat' dir='ltr'>Damiata</span> <span class='ocrx_word' id='word_1_32' title='bbox 870 499 991 547; x_wconf 89' lang='lat' dir='ltr'>absque</span> <span class='ocrx_word' id='word_1_33' title='bbox 1010 499 1194 544; x_wconf 84' lang='lat' dir='ltr'>dedicione,</span> <span class='ocrx_word' id='word_1_34' title='bbox 1211 499 1275 535; x_wconf 86' lang='lat' dir='ltr'>fine</span> 
     </span>
     <span class='ocr_line' id='line_1_6' title="bbox 247 552 1275 601; baseline 0 -13"><span class='ocrx_word' id='word_1_35' title='bbox 247 553 444 599; x_wconf 77' lang='lat' dir='ltr'>defensione,</span> <span class='ocrx_word' id='word_1_36' title='bbox 461 554 514 589; x_wconf 91' lang='lat' dir='ltr'>seu</span> <span class='ocrx_word' id='word_1_37' title='bbox 527 553 700 598; x_wconf 87' lang='lat' dir='ltr'>violencia,</span> <span class='ocrx_word' id='word_1_38' title='bbox 714 552 779 588; x_wconf 88' lang='lat' dir='ltr'>fine</span> <span class='ocrx_word' id='word_1_39' title='bbox 793 552 1046 601; x_wconf 90' lang='lat' dir='ltr'>depredacione,</span> <span class='ocrx_word' id='word_1_40' title='bbox 1059 553 1112 588; x_wconf 91' lang='lat' dir='ltr'>vel</span> <span class='ocrx_word' id='word_1_41' title='bbox 1125 553 1275 598; x_wconf 87' lang='lat' dir='ltr'>tumultu,</span> 
     </span>
     <span class='ocr_line' id='line_1_7' title="bbox 247 605 1274 654; baseline -0.001 -12"><span class='ocrx_word' id='word_1_42' title='bbox 247 619 283 642; x_wconf 92' lang='lat' dir='ltr'>ut</span> <span class='ocrx_word' id='word_1_43' title='bbox 299 607 358 642; x_wconf 89' lang='lat' dir='ltr'>soli</span> <span class='ocrx_word' id='word_1_44' title='bbox 375 607 451 642; x_wconf 85' lang='lat' dir='ltr'>Filio</span> <span class='ocrx_word' id='word_1_45' title='bbox 469 608 533 642; x_wconf 83' lang='lat' dir='ltr'>Dei</span> <span class='ocrx_word' id='word_1_46' title='bbox 550 606 683 642; x_wconf 89' lang='lat' dir='ltr'>evidens</span> <span class='ocrx_word' id='word_1_47' title='bbox 706 605 880 641; x_wconf 87' lang='lat' dir='ltr'>ascribatur</span> <span class='ocrx_word' id='word_1_48' title='bbox 896 607 1043 650; x_wconf 63' lang='lat' dir='ltr'>viestoria‚</span> <span class='ocrx_word' id='word_1_49' title='bbox 1073 607 1130 654; x_wconf 88' lang='lat' dir='ltr'>qui</span> <span class='ocrx_word' id='word_1_50' title='bbox 1148 607 1274 654; x_wconf 91' lang='lat' dir='ltr'>populo</span> 
     </span>
     <span class='ocr_line' id='line_1_8' title="bbox 39 659 1275 708; baseline 0.001 -13"><span class='ocrx_word' id='word_1_51' title='bbox 39 666 105 698; x_wconf 74' lang='lat' dir='ltr'>B-‚p-</span> <span class='ocrx_word' id='word_1_52' title='bbox 117 673 170 697; x_wconf 79' lang='lat'>239,</span> <span class='ocrx_word' id='word_1_53' title='bbox 181 675 200 690; x_wconf 87' lang='lat' dir='ltr'>c·</span> <span class='ocrx_word' id='word_1_54' title='bbox 214 674 233 691; x_wconf 77' lang='grc' dir='ltr'>ι.</span> <span class='ocrx_word' id='word_1_55' title='bbox 247 661 304 695; x_wconf 92' lang='lat' dir='ltr'>suo</span> <span class='ocrx_word' id='word_1_56' title='bbox 323 659 501 708; x_wconf 70' lang='lat' dir='ltr'>ingressum</span> <span class='ocrx_word' id='word_1_57' title='bbox 518 661 552 695; x_wconf 91' lang='lat' dir='ltr'>in</span> <span class='ocrx_word' id='word_1_58' title='bbox 569 660 728 708; x_wconf 83' lang='lat' dir='ltr'>Egyptum</span> <span class='ocrx_word' id='word_1_59' title='bbox 747 660 898 707; x_wconf 89' lang='lat' dir='ltr'>aspiravit</span> <span class='ocrx_word' id='word_1_60' title='bbox 919 661 954 694; x_wconf 72' lang='grc' dir='ltr'>δε</span> <span class='ocrx_word' id='word_1_61' title='bbox 970 659 1094 694; x_wconf 87' lang='lat' dir='ltr'>ibidem</span> <span class='ocrx_word' id='word_1_62' title='bbox 1112 661 1193 695; x_wconf 90' lang='lat' dir='ltr'>vites</span> <span class='ocrx_word' id='word_1_63' title='bbox 1214 662 1275 696; x_wconf 88' lang='lat' dir='ltr'>mi-</span> 
     </span>
     <span class='ocr_line' id='line_1_9' title="bbox 247 712 1276 762; baseline 0.001 -14"><span class='ocrx_word' id='word_1_64' title='bbox 247 714 398 750; x_wconf 78' lang='lat' dir='ltr'>nistravit.</span> <span class='ocrx_word' id='word_1_65' title='bbox 431 714 466 748; x_wconf 87' lang='lat' dir='ltr'>Et</span> <span class='ocrx_word' id='word_1_66' title='bbox 492 726 568 748; x_wconf 92' lang='lat' dir='ltr'>cum</span> <span class='ocrx_word' id='word_1_67' title='bbox 594 715 627 748; x_wconf 90' lang='lat' dir='ltr'>in</span> <span class='ocrx_word' id='word_1_68' title='bbox 656 714 757 748; x_wconf 88' lang='lat' dir='ltr'>oculis</span> <span class='ocrx_word' id='word_1_69' title='bbox 788 714 871 762; x_wconf 89' lang='lat' dir='ltr'>regis</span> <span class='ocrx_word' id='word_1_70' title='bbox 901 712 1074 759; x_wconf 86' lang='lat' dir='ltr'>Babylonis</span> <span class='ocrx_word' id='word_1_71' title='bbox 1107 726 1276 762; x_wconf 85' lang='lat' dir='ltr'>caperetur</span> 
     </span>
     <span class='ocr_line' id='line_1_10' title="bbox 247 766 1275 812; baseline -0.001 -10"><span class='ocrx_word' id='word_1_72' title='bbox 247 768 369 812; x_wconf 88' lang='lat' dir='ltr'>civitas,</span> <span class='ocrx_word' id='word_1_73' title='bbox 397 780 466 802; x_wconf 91' lang='lat' dir='ltr'>non</span> <span class='ocrx_word' id='word_1_74' title='bbox 489 767 532 802; x_wconf 92' lang='lat' dir='ltr'>est</span> <span class='ocrx_word' id='word_1_75' title='bbox 554 768 657 811; x_wconf 87' lang='lat' dir='ltr'>ausus,</span> <span class='ocrx_word' id='word_1_76' title='bbox 683 767 801 802; x_wconf 82' lang='lat' dir='ltr'>Christi</span> <span class='ocrx_word' id='word_1_77' title='bbox 827 767 953 812; x_wconf 81' lang='lat' dir='ltr'>milites,</span> <span class='ocrx_word' id='word_1_78' title='bbox 980 767 1022 802; x_wconf 93' lang='lat' dir='ltr'>ad</span> <span class='ocrx_word' id='word_1_79' title='bbox 1053 766 1275 802; x_wconf 79' lang='lat' dir='ltr'>defenfionem</span> 
     </span>
     <span class='ocr_line' id='line_1_11' title="bbox 246 819 1275 868; baseline 0 -13"><span class='ocrx_word' id='word_1_80' title='bbox 246 833 377 868; x_wconf 87' lang='lat' dir='ltr'>paratos</span> <span class='ocrx_word' id='word_1_81' title='bbox 396 833 489 856; x_wconf 89' lang='lat' dir='ltr'>more</span> <span class='ocrx_word' id='word_1_82' title='bbox 503 821 560 855; x_wconf 92' lang='lat' dir='ltr'>suo</span> <span class='ocrx_word' id='word_1_83' title='bbox 578 833 636 868; x_wconf 84' lang='lat' dir='ltr'>per</span> <span class='ocrx_word' id='word_1_84' title='bbox 649 819 803 855; x_wconf 83' lang='lat' dir='ltr'>foffatum</span> <span class='ocrx_word' id='word_1_85' title='bbox 817 821 961 854; x_wconf 89' lang='lat' dir='ltr'>nostrum</span> <span class='ocrx_word' id='word_1_86' title='bbox 979 820 1136 868; x_wconf 78' lang='lat' dir='ltr'>aggredi3</span> <span class='ocrx_word' id='word_1_87' title='bbox 1154 820 1275 855; x_wconf 90' lang='lat' dir='ltr'>eodem</span> 
     </span>
     <span class='ocr_line' id='line_1_12' title="bbox 245 872 1275 922; baseline 0 -14"><span class='ocrx_word' id='word_1_88' title='bbox 245 885 396 922; x_wconf 88' lang='lat' dir='ltr'>tempore</span> <span class='ocrx_word' id='word_1_89' title='bbox 415 872 531 909; x_wconf 91' lang='lat' dir='ltr'>fluvius</span> <span class='ocrx_word' id='word_1_90' title='bbox 549 873 733 909; x_wconf 88' lang='lat' dir='ltr'>excrescens</span> <span class='ocrx_word' id='word_1_91' title='bbox 750 874 842 920; x_wconf 89' lang='lat' dir='ltr'>aquis</span> <span class='ocrx_word' id='word_1_92' title='bbox 860 872 1026 908; x_wconf 89' lang='lat' dir='ltr'>uberrimis</span> <span class='ocrx_word' id='word_1_93' title='bbox 1046 873 1198 909; x_wconf 75' lang='lat' dir='ltr'>fossatum</span> <span class='ocrx_word' id='word_1_94' title='bbox 1214 875 1275 908; x_wconf 88' lang='lat' dir='ltr'>im-</span> 
     </span>
     <span class='ocr_line' id='line_1_13' title="bbox 245 926 1275 975; baseline 0.002 -14"><span class='ocrx_word' id='word_1_95' title='bbox 245 926 354 975; x_wconf 90' lang='lat' dir='ltr'>plevit.</span> <span class='ocrx_word' id='word_1_96' title='bbox 383 927 450 975; x_wconf 86' lang='lat' dir='ltr'>lpse</span> <span class='ocrx_word' id='word_1_97' title='bbox 473 940 552 962; x_wconf 93' lang='lat' dir='ltr'>vero</span> <span class='ocrx_word' id='word_1_98' title='bbox 579 927 732 963; x_wconf 85' lang='lat' dir='ltr'>confusus</span> <span class='ocrx_word' id='word_1_99' title='bbox 760 927 894 975; x_wconf 89' lang='lat' dir='ltr'>propria</span> <span class='ocrx_word' id='word_1_100' title='bbox 919 927 1019 962; x_wconf 87' lang='lat' dir='ltr'>castra</span> <span class='ocrx_word' id='word_1_101' title='bbox 1044 926 1217 963; x_wconf 84' lang='lat' dir='ltr'>combuffit</span> <span class='ocrx_word' id='word_1_102' title='bbox 1239 929 1275 963; x_wconf 74' lang='grc' dir='ltr'>δε</span> 
     </span>
     <span class='ocr_line' id='line_1_14' title="bbox 246 979 1273 1029; baseline 0.001 -15"><span class='ocrx_word' id='word_1_103' title='bbox 246 980 340 1029; x_wconf 68' lang='lat' dir='ltr'>fingit,</span> <span class='ocrx_word' id='word_1_104' title='bbox 358 981 447 1015; x_wconf 90' lang='lat' dir='ltr'>Deus</span> <span class='ocrx_word' id='word_1_105' title='bbox 464 992 585 1025; x_wconf 90' lang='lat' dir='ltr'>autem,</span> <span class='ocrx_word' id='word_1_106' title='bbox 610 981 667 1028; x_wconf 91' lang='lat' dir='ltr'>qui</span> <span class='ocrx_word' id='word_1_107' title='bbox 684 981 781 1015; x_wconf 88' lang='lat' dir='ltr'>tercia</span> <span class='ocrx_word' id='word_1_108' title='bbox 803 979 855 1015; x_wconf 91' lang='lat' dir='ltr'>die</span> <span class='ocrx_word' id='word_1_109' title='bbox 872 993 973 1027; x_wconf 91' lang='lat' dir='ltr'>aquas</span> <span class='ocrx_word' id='word_1_110' title='bbox 992 979 1049 1015; x_wconf 91' lang='lat' dir='ltr'>sub</span> <span class='ocrx_word' id='word_1_111' title='bbox 1066 981 1273 1016; x_wconf 89' lang='lat' dir='ltr'>firmamento</span> 
     </span>
     <span class='ocr_line' id='line_1_15' title="bbox 245 1033 1374 1082; baseline -0.003 -13"><span class='ocrx_word' id='word_1_112' title='bbox 245 1035 460 1082; x_wconf 87' lang='lat' dir='ltr'>congregavit</span> <span class='ocrx_word' id='word_1_113' title='bbox 471 1034 506 1068; x_wconf 86' lang='lat' dir='ltr'>in</span> <span class='ocrx_word' id='word_1_114' title='bbox 519 1034 631 1068; x_wconf 88' lang='lat' dir='ltr'>locum</span> <span class='ocrx_word' id='word_1_115' title='bbox 646 1047 760 1078; x_wconf 89' lang='lat' dir='ltr'>unum,</span> <span class='ocrx_word' id='word_1_116' title='bbox 778 1034 845 1081; x_wconf 91' lang='lat' dir='ltr'>ipse</span> <span class='ocrx_word' id='word_1_117' title='bbox 860 1033 938 1068; x_wconf 89' lang='lat' dir='ltr'>feria</span> <span class='ocrx_word' id='word_1_118' title='bbox 956 1035 1054 1069; x_wconf 90' lang='lat' dir='ltr'>tercia</span> <span class='ocrx_word' id='word_1_119' title='bbox 1067 1033 1182 1069; x_wconf 82' lang='lat' dir='ltr'>mensis</span> <span class='ocrx_word' id='word_1_120' title='bbox 1197 1035 1272 1080; x_wconf 89' lang='lat' dir='ltr'>Maij</span> <span class='ocrx_word' id='word_1_121' title='bbox 1286 1044 1341 1067; x_wconf 78' lang='lat' dir='ltr'>Mai.</span> <span class='ocrx_word' id='word_1_122' title='bbox 1355 1052 1374 1074; x_wconf 80' lang='lat'>3.</span> 
     </span>
     <span class='ocr_line' id='line_1_16' title="bbox 245 1086 1273 1135; baseline 0.002 -14"><span class='ocrx_word' id='word_1_123' title='bbox 245 1087 407 1135; x_wconf 85' lang='lat' dir='ltr'>agonistas</span> <span class='ocrx_word' id='word_1_124' title='bbox 424 1087 497 1121; x_wconf 92' lang='lat' dir='ltr'>suos</span> <span class='ocrx_word' id='word_1_125' title='bbox 513 1100 572 1135; x_wconf 92' lang='lat' dir='ltr'>per</span> <span class='ocrx_word' id='word_1_126' title='bbox 590 1100 690 1134; x_wconf 81' lang='lat' dir='ltr'>aquas</span> <span class='ocrx_word' id='word_1_127' title='bbox 708 1088 805 1122; x_wconf 89' lang='lat' dir='ltr'>maris</span> <span class='ocrx_word' id='word_1_128' title='bbox 828 1086 978 1135; x_wconf 90' lang='lat' dir='ltr'>perduxit</span> <span class='ocrx_word' id='word_1_129' title='bbox 995 1086 1038 1122; x_wconf 88' lang='lat' dir='ltr'>ad</span> <span class='ocrx_word' id='word_1_130' title='bbox 1055 1099 1190 1135; x_wconf 88' lang='lat' dir='ltr'>portum</span> <span class='ocrx_word' id='word_1_131' title='bbox 1207 1089 1273 1123; x_wconf 88' lang='lat' dir='ltr'>Da-</span> 
     </span>
     <span class='ocr_line' id='line_1_17' title="bbox 245 1139 1381 1188; baseline 0 -13"><span class='ocrx_word' id='word_1_132' title='bbox 245 1141 356 1184; x_wconf 87' lang='lat' dir='ltr'>miate,</span> <span class='ocrx_word' id='word_1_133' title='bbox 382 1139 517 1175; x_wconf 89' lang='lat' dir='ltr'>eosdem</span> <span class='ocrx_word' id='word_1_134' title='bbox 536 1141 613 1175; x_wconf 86' lang='lat' dir='ltr'>feria</span> <span class='ocrx_word' id='word_1_135' title='bbox 633 1141 731 1175; x_wconf 89' lang='lat' dir='ltr'>tercia</span> <span class='ocrx_word' id='word_1_136' title='bbox 747 1139 862 1175; x_wconf 81' lang='lat' dir='ltr'>mensis</span> <span class='ocrx_word' id='word_1_137' title='bbox 882 1139 1040 1186; x_wconf 70' lang='lat' dir='ltr'>februarii</span> <span class='ocrx_word' id='word_1_138' title='bbox 1060 1140 1199 1176; x_wconf 86' lang='lat' dir='ltr'>traduxit</span> <span class='ocrx_word' id='word_1_139' title='bbox 1217 1154 1274 1188; x_wconf 88' lang='lat' dir='ltr'>per</span> <span class='ocrx_word' id='word_1_140' title='bbox 1286 1152 1348 1175; x_wconf 71' lang='lat' dir='ltr'>Febr.</span> <span class='ocrx_word' id='word_1_141' title='bbox 1359 1159 1381 1183; x_wconf 85' lang='lat'>5-</span> 
     </span>
     <span class='ocr_line' id='line_1_18' title="bbox 245 1192 1273 1238; baseline 0.001 -10"><span class='ocrx_word' id='word_1_142' title='bbox 245 1193 357 1229; x_wconf 89' lang='lat' dir='ltr'>Nilum</span> <span class='ocrx_word' id='word_1_143' title='bbox 375 1192 417 1228; x_wconf 92' lang='lat' dir='ltr'>ad</span> <span class='ocrx_word' id='word_1_144' title='bbox 434 1192 647 1228; x_wconf 68' lang='lat' dir='ltr'>obsidendam</span> <span class='ocrx_word' id='word_1_145' title='bbox 665 1194 840 1238; x_wconf 87' lang='lat' dir='ltr'>civitatem,</span> <span class='ocrx_word' id='word_1_146' title='bbox 854 1192 943 1228; x_wconf 91' lang='lat' dir='ltr'>idem</span> <span class='ocrx_word' id='word_1_147' title='bbox 962 1193 1040 1228; x_wconf 91' lang='lat' dir='ltr'>feria</span> <span class='ocrx_word' id='word_1_148' title='bbox 1053 1195 1145 1229; x_wconf 86' lang='lat' dir='ltr'>tertia</span> <span class='ocrx_word' id='word_1_149' title='bbox 1158 1193 1273 1229; x_wconf 81' lang='lat' dir='ltr'>mensis</span> 
     </span>
     <span class='ocr_line' id='line_1_19' title="bbox 245 1245 1375 1294; baseline -0.002 -12"><span class='ocrx_word' id='word_1_150' title='bbox 245 1246 441 1282; x_wconf 89' lang='lat' dir='ltr'>Novembris</span> <span class='ocrx_word' id='word_1_151' title='bbox 465 1248 656 1282; x_wconf 89' lang='lat' dir='ltr'>Damiatam</span> <span class='ocrx_word' id='word_1_152' title='bbox 683 1247 781 1294; x_wconf 87' lang='lat' dir='ltr'>cepit,</span> <span class='ocrx_word' id='word_1_153' title='bbox 811 1247 895 1282; x_wconf 89' lang='lat' dir='ltr'>inter</span> <span class='ocrx_word' id='word_1_154' title='bbox 920 1259 1021 1293; x_wconf 88' lang='lat' dir='ltr'>aquas</span> <span class='ocrx_word' id='word_1_155' title='bbox 1046 1245 1145 1282; x_wconf 83' lang='lat' dir='ltr'>sitam.</span> <span class='ocrx_word' id='word_1_156' title='bbox 1176 1248 1274 1283; x_wconf 81' lang='lat' dir='ltr'>Hanc</span> <span class='ocrx_word' id='word_1_157' title='bbox 1286 1258 1375 1288; x_wconf 62' lang='grc' dir='ltr'><strong>Νοις.</strong></span> 
     </span>
     <span class='ocr_line' id='line_1_20' title="bbox 246 1298 1272 1347; baseline 0.002 -13"><span class='ocrx_word' id='word_1_158' title='bbox 246 1299 359 1335; x_wconf 90' lang='lat' dir='ltr'>urbem</span> <span class='ocrx_word' id='word_1_159' title='bbox 376 1300 474 1336; x_wconf 89' lang='lat' dir='ltr'>vitule</span> <span class='ocrx_word' id='word_1_160' title='bbox 491 1300 710 1335; x_wconf 88' lang='lat' dir='ltr'>consternanti</span> <span class='ocrx_word' id='word_1_161' title='bbox 736 1298 906 1347; x_wconf 76' lang='lat' dir='ltr'>possumus</span> <span class='ocrx_word' id='word_1_162' title='bbox 932 1300 1111 1335; x_wconf 78' lang='lat' dir='ltr'>assimilare.</span> <span class='ocrx_word' id='word_1_163' title='bbox 1141 1302 1272 1336; x_wconf 84' lang='lat' dir='ltr'>Vitulam</span> 
     </span>
     <span class='ocr_line' id='line_1_21' title="bbox 40 1353 1272 1402; baseline 0.002 -14"><span class='ocrx_word' id='word_1_164' title='bbox 40 1360 233 1390; x_wconf 80' lang='lat' dir='ltr'>V-‚f-12v⁰‚e-²-</span> <span class='ocrx_word' id='word_1_165' title='bbox 246 1353 448 1401; x_wconf 84' lang='lat' dir='ltr'>appellamus</span> <span class='ocrx_word' id='word_1_166' title='bbox 478 1366 613 1401; x_wconf 89' lang='lat' dir='ltr'>propter</span> <span class='ocrx_word' id='word_1_167' title='bbox 637 1355 703 1389; x_wconf 90' lang='lat' dir='ltr'>eius</span> <span class='ocrx_word' id='word_1_168' title='bbox 728 1354 893 1388; x_wconf 92' lang='lat' dir='ltr'>lasciviam</span> <span class='ocrx_word' id='word_1_169' title='bbox 919 1366 972 1398; x_wconf 91' lang='lat' dir='ltr'>eo,</span> <span class='ocrx_word' id='word_1_170' title='bbox 1003 1353 1095 1400; x_wconf 93' lang='lat' dir='ltr'>quod</span> <span class='ocrx_word' id='word_1_171' title='bbox 1120 1353 1272 1402; x_wconf 87' lang='lat' dir='ltr'>piscibus,</span> 
     </span>
     <span class='ocr_line' id='line_1_22' title="bbox 245 1405 1274 1455; baseline 0.001 -13"><span class='ocrx_word' id='word_1_172' title='bbox 245 1405 359 1442; x_wconf 88' lang='lat' dir='ltr'>avibus</span> <span class='ocrx_word' id='word_1_173' title='bbox 377 1408 411 1442; x_wconf 73' lang='grc' dir='ltr'>ὅ(</span> <span class='ocrx_word' id='word_1_174' title='bbox 429 1408 565 1454; x_wconf 79' lang='lat' dir='ltr'>pascui5‚</span> <span class='ocrx_word' id='word_1_175' title='bbox 584 1407 760 1452; x_wconf 86' lang='lat' dir='ltr'>frumento,</span> <span class='ocrx_word' id='word_1_176' title='bbox 778 1407 878 1442; x_wconf 87' lang='lat' dir='ltr'>hortis</span> <span class='ocrx_word' id='word_1_177' title='bbox 894 1408 929 1442; x_wconf 73' lang='grc' dir='ltr'>ὅ(</span> <span class='ocrx_word' id='word_1_178' title='bbox 947 1408 1100 1455; x_wconf 89' lang='lat' dir='ltr'>pomeriis</span> <span class='ocrx_word' id='word_1_179' title='bbox 1118 1407 1274 1454; x_wconf 86' lang='lat' dir='ltr'>abundet,</span> 
     </span>
     <span class='ocr_line' id='line_1_23' title="bbox 246 1459 1274 1508; baseline 0.003 -14"><span class='ocrx_word' id='word_1_180' title='bbox 246 1459 470 1508; x_wconf 85' lang='lat' dir='ltr'>negociando,</span> <span class='ocrx_word' id='word_1_181' title='bbox 480 1461 660 1508; x_wconf 90' lang='lat' dir='ltr'>pyraticam</span> <span class='ocrx_word' id='word_1_182' title='bbox 669 1460 835 1495; x_wconf 85' lang='lat' dir='ltr'>maliciam</span> <span class='ocrx_word' id='word_1_183' title='bbox 842 1459 1038 1503; x_wconf 85' lang='lat' dir='ltr'>exercendo,</span> <span class='ocrx_word' id='word_1_184' title='bbox 1049 1460 1170 1496; x_wconf 89' lang='lat' dir='ltr'>deliciis</span> <span class='ocrx_word' id='word_1_185' title='bbox 1184 1460 1274 1497; x_wconf 87' lang='lat' dir='ltr'>efflu-</span> 
     </span>
     <span class='ocr_line' id='line_1_24' title="bbox 245 1512 1275 1562; baseline 0.004 -15"><span class='ocrx_word' id='word_1_186' title='bbox 245 1513 291 1547; x_wconf 86' lang='lat' dir='ltr'>xit</span> <span class='ocrx_word' id='word_1_187' title='bbox 307 1514 341 1547; x_wconf 92' lang='lat' dir='ltr'>in</span> <span class='ocrx_word' id='word_1_188' title='bbox 359 1513 465 1561; x_wconf 91' lang='lat' dir='ltr'>culpa,</span> <span class='ocrx_word' id='word_1_189' title='bbox 491 1512 672 1561; x_wconf 89' lang='lat' dir='ltr'>pereffluxit</span> <span class='ocrx_word' id='word_1_190' title='bbox 685 1514 718 1548; x_wconf 92' lang='lat' dir='ltr'>in</span> <span class='ocrx_word' id='word_1_191' title='bbox 736 1513 907 1562; x_wconf 83' lang='lat' dir='ltr'>gehenna3</span> <span class='ocrx_word' id='word_1_192' title='bbox 931 1513 986 1548; x_wconf 90' lang='lat' dir='ltr'>sed</span> <span class='ocrx_word' id='word_1_193' title='bbox 1003 1527 1067 1549; x_wconf 92' lang='lat' dir='ltr'>una</span> <span class='ocrx_word' id='word_1_194' title='bbox 1084 1514 1166 1550; x_wconf 90' lang='lat' dir='ltr'>hora</span> <span class='ocrx_word' id='word_1_195' title='bbox 1186 1516 1275 1551; x_wconf 91' lang='lat' dir='ltr'>venit</span> 
     </span>
     <span class='ocr_line' id='line_1_25' title="bbox 245 1565 1275 1614; baseline 0.003 -14"><span class='ocrx_word' id='word_1_196' title='bbox 245 1565 403 1601; x_wconf 90' lang='lat' dir='ltr'>iudicium</span> <span class='ocrx_word' id='word_1_197' title='bbox 431 1567 508 1601; x_wconf 85' lang='lat' dir='ltr'>eius.</span> <span class='ocrx_word' id='word_1_198' title='bbox 536 1569 773 1612; x_wconf 79' lang='lat' dir='ltr'>Consternantem</span> <span class='ocrx_word' id='word_1_199' title='bbox 798 1566 947 1612; x_wconf 86' lang='lat' dir='ltr'>dicimus,</span> <span class='ocrx_word' id='word_1_200' title='bbox 974 1567 1050 1614; x_wconf 86' lang='lat' dir='ltr'>quia</span> <span class='ocrx_word' id='word_1_201' title='bbox 1074 1569 1174 1603; x_wconf 89' lang='lat' dir='ltr'>tercio</span> <span class='ocrx_word' id='word_1_202' title='bbox 1192 1580 1275 1604; x_wconf 89' lang='lat' dir='ltr'>terre</span> 
     </span>
     <span class='ocr_line' id='line_1_26' title="bbox 246 1618 1274 1669; baseline 0.003 -16"><span class='ocrx_word' id='word_1_203' title='bbox 246 1630 341 1653; x_wconf 89' lang='lat' dir='ltr'>motu</span> <span class='ocrx_word' id='word_1_204' title='bbox 355 1618 553 1654; x_wconf 86' lang='lat' dir='ltr'>habitatores</span> <span class='ocrx_word' id='word_1_205' title='bbox 565 1620 632 1655; x_wconf 85' lang='lat' dir='ltr'>eius</span> <span class='ocrx_word' id='word_1_206' title='bbox 641 1620 816 1668; x_wconf 86' lang='lat' dir='ltr'>perierunt,</span> <span class='ocrx_word' id='word_1_207' title='bbox 829 1620 897 1667; x_wconf 90' lang='lat' dir='ltr'>ipsa</span> <span class='ocrx_word' id='word_1_208' title='bbox 910 1633 1020 1655; x_wconf 91' lang='lat' dir='ltr'>tamen</span> <span class='ocrx_word' id='word_1_209' title='bbox 1032 1621 1158 1669; x_wconf 88' lang='lat' dir='ltr'>integra</span> <span class='ocrx_word' id='word_1_210' title='bbox 1171 1634 1274 1657; x_wconf 91' lang='lat' dir='ltr'>rema-</span> 
     </span>
     <span class='ocr_line' id='line_1_27' title="bbox 245 1673 1274 1721; baseline 0.003 -14"><span class='ocrx_word' id='word_1_211' title='bbox 245 1684 353 1717; x_wconf 90' lang='lat' dir='ltr'>nente,</span> <span class='ocrx_word' id='word_1_212' title='bbox 380 1685 400 1707; x_wconf 92' lang='lat' dir='ltr'>a</span> <span class='ocrx_word' id='word_1_213' title='bbox 417 1674 532 1708; x_wconf 89' lang='lat' dir='ltr'>Grecis</span> <span class='ocrx_word' id='word_1_214' title='bbox 548 1674 583 1708; x_wconf 92' lang='lat'>&amp;</span> <span class='ocrx_word' id='word_1_215' title='bbox 599 1673 716 1708; x_wconf 88' lang='lat' dir='ltr'>Latinis</span> <span class='ocrx_word' id='word_1_216' title='bbox 734 1673 841 1721; x_wconf 87' lang='lat' dir='ltr'>primo</span> <span class='ocrx_word' id='word_1_217' title='bbox 862 1673 920 1708; x_wconf 89' lang='lat' dir='ltr'>fuit</span> <span class='ocrx_word' id='word_1_218' title='bbox 938 1673 1073 1718; x_wconf 77' lang='lat' dir='ltr'>obsessa,</span> <span class='ocrx_word' id='word_1_219' title='bbox 1099 1675 1155 1721; x_wconf 92' lang='lat' dir='ltr'>qui</span> <span class='ocrx_word' id='word_1_220' title='bbox 1172 1673 1215 1710; x_wconf 86' lang='lat' dir='ltr'>ab</span> <span class='ocrx_word' id='word_1_221' title='bbox 1235 1688 1274 1710; x_wconf 89' lang='lat' dir='ltr'>ea</span> 
     </span>
     <span class='ocr_line' id='line_1_28' title="bbox 246 1723 1273 1776; baseline 0.003 -16"><span class='ocrx_word' id='word_1_222' title='bbox 246 1723 464 1771; x_wconf 74' lang='lat' dir='ltr'>discesserunt,</span> <span class='ocrx_word' id='word_1_223' title='bbox 488 1725 607 1761; x_wconf 89' lang='lat' dir='ltr'>deinde</span> <span class='ocrx_word' id='word_1_224' title='bbox 628 1739 647 1761; x_wconf 89' lang='lat' dir='ltr'>a</span> <span class='ocrx_word' id='word_1_225' title='bbox 664 1727 780 1761; x_wconf 89' lang='lat' dir='ltr'>Latinis</span> <span class='ocrx_word' id='word_1_226' title='bbox 796 1725 853 1762; x_wconf 91' lang='lat' dir='ltr'>sub</span> <span class='ocrx_word' id='word_1_227' title='bbox 871 1727 1048 1772; x_wconf 76' lang='lat' dir='ltr'>Almarim,</span> <span class='ocrx_word' id='word_1_228' title='bbox 1074 1741 1150 1776; x_wconf 89' lang='lat' dir='ltr'>rege</span> <span class='ocrx_word' id='word_1_229' title='bbox 1168 1728 1273 1763; x_wconf 84' lang='lat' dir='ltr'>lhero-</span> 
     </span>
     <span class='ocr_line' id='line_1_29' title="bbox 246 1778 1274 1827; baseline 0.002 -14"><span class='ocrx_word' id='word_1_230' title='bbox 246 1778 442 1823; x_wconf 90' lang='lat' dir='ltr'>solimitano,</span> <span class='ocrx_word' id='word_1_231' title='bbox 474 1780 529 1826; x_wconf 90' lang='lat' dir='ltr'>qui</span> <span class='ocrx_word' id='word_1_232' title='bbox 548 1780 681 1814; x_wconf 89' lang='lat' dir='ltr'>minime</span> <span class='ocrx_word' id='word_1_233' title='bbox 699 1780 918 1827; x_wconf 89' lang='lat' dir='ltr'>profecerunt,</span> <span class='ocrx_word' id='word_1_234' title='bbox 944 1779 999 1815; x_wconf 90' lang='lat' dir='ltr'>sed</span> <span class='ocrx_word' id='word_1_235' title='bbox 1016 1781 1087 1815; x_wconf 90' lang='lat' dir='ltr'>vice</span> <span class='ocrx_word' id='word_1_236' title='bbox 1104 1781 1202 1815; x_wconf 87' lang='lat' dir='ltr'>tercia</span> <span class='ocrx_word' id='word_1_237' title='bbox 1219 1793 1274 1816; x_wconf 88' lang='lat' dir='ltr'>rex</span> 
     </span>
     <span class='ocr_line' id='line_1_30' title="bbox 246 1831 1273 1880; baseline 0.003 -14"><span class='ocrx_word' id='word_1_238' title='bbox 246 1844 362 1880; x_wconf 90' lang='lat' dir='ltr'>regum</span> <span class='ocrx_word' id='word_1_239' title='bbox 376 1833 411 1867; x_wconf 70' lang='grc' dir='ltr'>δε</span> <span class='ocrx_word' id='word_1_240' title='bbox 421 1833 585 1867; x_wconf 89' lang='lat' dir='ltr'>Dominus</span> <span class='ocrx_word' id='word_1_241' title='bbox 599 1831 846 1868; x_wconf 87' lang='lat' dir='ltr'>dominancium</span> <span class='ocrx_word' id='word_1_242' title='bbox 859 1834 953 1869; x_wconf 91' lang='lat' dir='ltr'>servis</span> <span class='ocrx_word' id='word_1_243' title='bbox 966 1834 1026 1868; x_wconf 87' lang='lat' dir='ltr'>suis</span> <span class='ocrx_word' id='word_1_244' title='bbox 1044 1847 1118 1868; x_wconf 90' lang='lat' dir='ltr'>eam</span> <span class='ocrx_word' id='word_1_245' title='bbox 1130 1833 1273 1880; x_wconf 87' lang='lat' dir='ltr'>tradidit,</span> 
     </span>
     <span class='ocr_line' id='line_1_31' title="bbox 39 1884 1271 1935; baseline 0.002 -13.952"><span class='ocrx_word' id='word_1_246' title='bbox 39 1892 74 1922; x_wconf 57' lang='lat' dir='ltr'>B„</span> <span class='ocrx_word' id='word_1_247' title='bbox 85 1899 168 1923; x_wconf 69' lang='lat' dir='ltr'>P·²395</span> <span class='ocrx_word' id='word_1_248' title='bbox 180 1901 200 1916; x_wconf 77' lang='lat' dir='ltr'>e-</span> <span class='ocrx_word' id='word_1_249' title='bbox 211 1900 232 1916; x_wconf 82' lang='lat'>²-</span> <span class='ocrx_word' id='word_1_250' title='bbox 248 1885 329 1919; x_wconf 86' lang='lat' dir='ltr'>lesus</span> <span class='ocrx_word' id='word_1_251' title='bbox 347 1884 504 1930; x_wconf 80' lang='lat' dir='ltr'>Christus,</span> <span class='ocrx_word' id='word_1_252' title='bbox 519 1886 574 1932; x_wconf 91' lang='lat' dir='ltr'>qui</span> <span class='ocrx_word' id='word_1_253' title='bbox 592 1885 692 1921; x_wconf 90' lang='lat' dir='ltr'>vincit</span> <span class='ocrx_word' id='word_1_254' title='bbox 708 1887 742 1921; x_wconf 91' lang='lat'>&amp;</span> <span class='ocrx_word' id='word_1_255' title='bbox 759 1899 884 1934; x_wconf 86' lang='lat' dir='ltr'>regnat,</span> <span class='ocrx_word' id='word_1_256' title='bbox 902 1887 1059 1935; x_wconf 88' lang='lat' dir='ltr'>gloriatur</span> <span class='ocrx_word' id='word_1_257' title='bbox 1074 1888 1109 1921; x_wconf 92' lang='lat'>&amp;</span> <span class='ocrx_word' id='word_1_258' title='bbox 1124 1887 1271 1934; x_wconf 90' lang='lat' dir='ltr'>imperat.</span> 
     </span>
     <span class='ocr_line' id='line_1_32' title="bbox 245 1937 1272 1988; baseline 0.003 -16"><span class='ocrx_word' id='word_1_259' title='bbox 245 1937 320 1972; x_wconf 84' lang='lat' dir='ltr'>Tali</span> <span class='ocrx_word' id='word_1_260' title='bbox 337 1937 421 1973; x_wconf 92' lang='lat' dir='ltr'>duce</span> <span class='ocrx_word' id='word_1_261' title='bbox 443 1938 603 1973; x_wconf 88' lang='lat' dir='ltr'>christiani</span> <span class='ocrx_word' id='word_1_262' title='bbox 621 1939 748 1984; x_wconf 81' lang='lat' dir='ltr'>milites,</span> <span class='ocrx_word' id='word_1_263' title='bbox 778 1940 965 1975; x_wconf 87' lang='lat' dir='ltr'>Damiatam</span> <span class='ocrx_word' id='word_1_264' title='bbox 987 1940 1125 1988; x_wconf 83' lang='lat' dir='ltr'>ingreffi,</span> <span class='ocrx_word' id='word_1_265' title='bbox 1149 1939 1272 1988; x_wconf 84' lang='lat' dir='ltr'>plateas</span> 
     </span>
     <span class='ocr_line' id='line_1_33' title="bbox 247 1991 1272 2041; baseline 0.004 -16"><span class='ocrx_word' id='word_1_266' title='bbox 247 1991 313 2025; x_wconf 90' lang='lat' dir='ltr'>eius</span> <span class='ocrx_word' id='word_1_267' title='bbox 343 2003 550 2026; x_wconf 87' lang='lat' dir='ltr'>mortuorum</span> <span class='ocrx_word' id='word_1_268' title='bbox 579 1991 789 2027; x_wconf 88' lang='lat' dir='ltr'>cadaveribus</span> <span class='ocrx_word' id='word_1_269' title='bbox 811 1993 921 2028; x_wconf 86' lang='lat' dir='ltr'>stratas</span> <span class='ocrx_word' id='word_1_270' title='bbox 946 1993 1148 2038; x_wconf 87' lang='lat' dir='ltr'>invenerunt,</span> <span class='ocrx_word' id='word_1_271' title='bbox 1178 1994 1272 2041; x_wconf 88' lang='lat' dir='ltr'>pesti·</span> 
     </span>
     <span class='ocr_line' id='line_1_34' title="bbox 245 2042 1273 2094; baseline 0.004 -16"><span class='ocrx_word' id='word_1_272' title='bbox 245 2042 351 2079; x_wconf 86' lang='lat' dir='ltr'>lencia</span> <span class='ocrx_word' id='word_1_273' title='bbox 364 2045 398 2079; x_wconf 92' lang='lat'>&amp;</span> <span class='ocrx_word' id='word_1_274' title='bbox 412 2044 497 2079; x_wconf 87' lang='lat' dir='ltr'>fame</span> <span class='ocrx_word' id='word_1_275' title='bbox 514 2045 742 2089; x_wconf 87' lang='lat' dir='ltr'>contritorum,</span> <span class='ocrx_word' id='word_1_276' title='bbox 761 2058 932 2094; x_wconf 88' lang='lat' dir='ltr'>argentum</span> <span class='ocrx_word' id='word_1_277' title='bbox 944 2048 979 2081; x_wconf 90' lang='lat'>&amp;</span> <span class='ocrx_word' id='word_1_278' title='bbox 991 2059 1117 2091; x_wconf 88' lang='lat' dir='ltr'>aurum,</span> <span class='ocrx_word' id='word_1_279' title='bbox 1135 2046 1273 2082; x_wconf 88' lang='lat' dir='ltr'>multum</span> 
     </span>
     <span class='ocr_line' id='line_1_35' title="bbox 246 2097 1273 2147; baseline 0.005 -17"><span class='ocrx_word' id='word_1_280' title='bbox 246 2097 341 2131; x_wconf 83' lang='lat' dir='ltr'>nimis</span> <span class='ocrx_word' id='word_1_281' title='bbox 357 2109 486 2145; x_wconf 85' lang='lat' dir='ltr'>pannos</span> <span class='ocrx_word' id='word_1_282' title='bbox 512 2098 637 2140; x_wconf 87' lang='lat' dir='ltr'>sericos,</span> <span class='ocrx_word' id='word_1_283' title='bbox 657 2099 906 2146; x_wconf 88' lang='lat' dir='ltr'>negociatorum</span> <span class='ocrx_word' id='word_1_284' title='bbox 924 2099 1023 2134; x_wconf 89' lang='lat' dir='ltr'>vestes</span> <span class='ocrx_word' id='word_1_285' title='bbox 1050 2100 1210 2147; x_wconf 89' lang='lat' dir='ltr'>preciosas</span> <span class='ocrx_word' id='word_1_286' title='bbox 1238 2102 1273 2135; x_wconf 91' lang='lat'>&amp;</span> 
     </span>
    </p>
   </div>
   <div class='ocr_carea' id='block_1_4' title="bbox 0 21 2 625">
    <p class='ocr_par' dir='ltr' id='par_1_4' title="bbox 0 21 2 625">
     <span class='ocr_line' id='line_1_36' title="bbox 0 21 2 625; baseline 0 0"><span class='ocrx_word' id='word_1_287' title='bbox 0 21 2 625; x_wconf 95' lang='lat' dir='ltr'> </span> 
     </span>
    </p>
   </div>
   <div class='ocr_carea' id='block_1_5' title="bbox 0 621 71 2788">
    <p class='ocr_par' dir='ltr' id='par_1_5' title="bbox 0 621 71 2788">
     <span class='ocr_line' id='line_1_37' title="bbox 0 621 71 2788; baseline 0 0"><span class='ocrx_word' id='word_1_288' title='bbox 0 621 71 2788; x_wconf 95' lang='lat' dir='ltr'>     </span> 
     </span>
    </p>
   </div>
  </div>
 </body>
</html>
