1624 2788
425 262 437 285 1
450 261 489 286 12
873 260 999 287 GEsTA

347 385 405 409 1219
418 370 517 407 scalas
531 370 720 419 posuerunt,
738 369 828 406 dedit
844 371 943 406 talem
962 371 1133 408 vistoriam
1150 371 1348 418 Christianis,
1366 384 1448 420 qua-

418 425 483 461 lem
500 437 671 472 nunquam
686 423 880 461 habuerunt.
903 425 993 473 Qia
1011 424 1089 460 ficut
1105 424 1290 473 predie'tum
1308 425 1362 471 est,
1379 438 1449 461 non

419 479 479 514 fuit
497 477 626 514 bonitas
644 490 771 523 eorum,
790 478 844 513 sed
869 479 932 514 Dei
951 478 1181 524 misericordia,
1199 492 1263 526 que
1280 477 1345 514 sine
1363 478 1448 513 ferro

416 535 451 568 &
476 532 564 567 fama
592 531 753 566 interfecit
778 531 929 567 inimicos
963 532 1072 567 fauete
1098 532 1223 567 Crucis.
1253 530 1335 567 Misit
1361 531 1450 566 enim

418 585 580 633 quosdam
592 585 855 634 prudentiffimos
872 587 959 621 viros
971 586 1139 620 Romanos
1152 586 1187 620 ὅ(
1199 585 1327 620 Latinos
1341 583 1450 619 media

417 641 515 675 noete
538 640 580 675 ad
603 653 733 675 murum
756 640 904 685 civitatis,
928 641 973 684 &‚
1000 637 1151 687 apposito
1175 651 1277 686 ponte
1299 640 1334 674 &
1354 638 1449 682 scala,

417 693 501 730 bene
525 694 640 730 armati
665 692 879 729 ascenderunt
899 706 1030 728 murum
1055 705 1131 727 cum
1152 705 1277 741 magno
1296 704 1450 737 tremore,

419 826 508 852 Christi
522 826 649 852 Crucifixi.
663 826 713 856 Qui
724 835 781 852 cum
794 835 893 852 murum
906 826 1014 852 civitatis
1023 826 1194 859 ascendiss'ent,
1209 826 1233 852 in
1245 835 1295 852 una
1305 826 1377 861 ipfius
1390 826 1451 853 civi-

417 867 475 896 tatis
495 873 562 893 turre
580 866 708 892 fortiffima
726 866 842 892 vexillum
862 866 944 892 sanae
961 867 985 892 &
1005 875 1063 892 vere
1082 866 1169 893 Crucis
1189 866 1322 901 posuerunt
1346 868 1379 899 δι,
1397 867 1450 893 aliis

418 907 526 932 turribus
537 907 625 941 captis,
637 907 663 932 in
675 915 827 941 unaquaque
837 906 932 940 iignum
946 906 1026 932 crucis
1037 906 1171 940 posuerunt
1179 907 1203 932 &
1216 906 1336 933 fecerunt.
1351 907 1450 942 Pagani

417 954 512 981 autem,
525 948 566 982 qui
580 947 605 973 in
618 947 670 982 ipsa
684 947 785 973 civitate
798 947 913 980 aderant,
934 947 974 981 aiij
990 946 1082 973 mortui
1096 948 1119 972 δι
1134 947 1244 972 semivivi
1257 956 1300 981 per
1314 947 1407 982 plateas
1426 949 1450 974 δι

417 989 508 1014 domos
523 989 546 1014 &
566 988 617 1014 vias
631 988 756 1019 iacebant,
769 988 793 1013 &
811 987 851 1021 alij
867 988 958 1013 morbo
972 988 995 1013 δι
1011 986 1146 1022 pestilentia
1158 988 1182 1012 &
1197 986 1339 1013 infirmitate
1357 997 1450 1023 magna
1463 990 1489 1014 P.
1501 989 1517 1013 f.
1531 996 1556 1013 u
1561 996 1573 1020 5
1585 988 1611 1012 B.

417 1028 616 1059 infirmabantur,
633 1028 668 1053 ita
681 1028 750 1062 quod
772 1027 841 1053 nullo
855 1028 933 1053 modo
947 1028 1075 1053 civitatem
1095 1027 1230 1053 defendere
1243 1028 1389 1061 nequibant.
1412 1029 1451 1056 Sic

418 1069 484 1094 enim
498 1068 590 1103 placuit
604 1069 727 1100 Domino,
745 1068 769 1093 δι
784 1068 816 1093 sic
828 1068 863 1093 ita
881 1067 933 1093 eius
947 1067 996 1093 fuit
1009 1065 1133 1093 voluntas.
1157 1068 1215 1093 Non
1230 1067 1296 1093 enim
1310 1068 1359 1093 hoc
1372 1067 1452 1103 poffet

418 1108 524 1135 eveniss‘e
543 1108 682 1143 quantitate
696 1109 719 1134 &
738 1107 829 1133 virtute
848 1107 957 1133 vitorum
980 1108 1125 1133 bellicorum
1140 1107 1175 1133 set
1194 1107 1306 1141 potentia
1320 1109 1343 1134 δι
1361 1108 1453 1134 virtute

418 1149 522 1176 Domini
537 1149 611 1174 nostri
626 1148 698 1174 Ihesu
718 1148 817 1180 Christi,
841 1148 908 1182 apud
921 1156 996 1182 quem
1018 1148 1051 1173 nil
1064 1148 1097 1173 est
1111 1147 1266 1181 impossibile.
1289 1148 1452 1174 Confidamus

419 1198 480 1224 ergo
494 1189 519 1215 in
534 1189 647 1215 Domino
659 1190 717 1215 Deo
731 1197 791 1214 vero
809 1189 834 1214 &
848 1197 896 1214 non
909 1188 933 1213 in
947 1187 1080 1214 virtutibus
1096 1187 1235 1220 hominum,
1255 1187 1316 1213 ficut
1336 1187 1453 1223 scriptum

419 1230 461 1262 est,
474 1231 559 1256 honum
574 1230 602 1254 ἐξ
611 1228 695 1255 melius
710 1229 742 1262 est
752 1229 872 1262 confidere
884 1228 910 1254 in
921 1228 1031 1260 Domino,
1043 1237 1117 1262 quam
1128 1228 1248 1261 confidere
1261 1228 1287 1253 in
1302 1228 1454 1263 principibus

420 1270 520 1303 [Psalm.
533 1277 614 1302 eva,
628 1270 661 1301 2].
675 1268 764 1294 Statim
776 1269 849 1303 pauci
859 1269 955 1303 Pagani
965 1269 996 1294 ad
1011 1268 1144 1294 baltrescas
1152 1277 1238 1294 eorum
1252 1269 1362 1294 &castra
1373 1269 1454 1304 ligno-

420 1320 474 1337 rum
487 1315 626 1340 currerunt,
639 1309 723 1343 ignem
737 1309 761 1334 in
775 1309 809 1334 eis
823 1309 949 1341 miserunt,
972 1315 999 1334 ut
1012 1317 1027 1334 a
1040 1308 1145 1334 soldano
1157 1309 1180 1334 δι
1194 1308 1246 1334 eius
1261 1309 1369 1335 exercitu
1384 1310 1454 1336 vide-

419 1357 494 1377 retur.
510 1351 569 1380 Quo
581 1350 640 1384 igne
652 1349 704 1375 viso
718 1358 733 1374 a
750 1349 903 1382 Christianis,
915 1349 958 1383 qui
969 1349 1104 1383 temptoria
1116 1349 1299 1381 custodiebant,
1313 1348 1386 1375 valde
1398 1349 1454 1375 sunt

419 1391 513 1418 turbati
522 1392 546 1416 &
556 1389 679 1425 perterriti
690 1403 696 1416 ι
710 1390 863 1424 ignorabant
876 1390 940 1415 enim
953 1390 985 1415 de
998 1389 1052 1422 illis,
1065 1389 1107 1424 qui
1119 1389 1144 1414 in
1154 1389 1280 1415 civitatem
1292 1389 1452 1415 intraverant.

419 1432 495 1458 Unde
508 1431 558 1456 alta
571 1439 633 1456 voce
645 1429 800 1455 lacrimando
814 1435 933 1464 ceperunt
955 1438 1044 1464 rogare
1059 1430 1167 1455 Beatum
1180 1429 1340 1455 Leonardurn
1358 1428 1454 1455 confes-

419 1472 508 1504 sorem,
523 1478 552 1497 ut
566 1480 612 1506 pro
625 1471 659 1497 eis
673 1471 704 1497 ad
716 1470 856 1497 Dominum
870 1470 978 1496 nostrum
991 1470 1090 1496 Ihesum
1105 1469 1231 1495 Christum
1244 1469 1396 1495 intercedere
1410 1469 1455 1495 de-

420 1513 498 1546 beret,
514 1511 604 1538 armati
621 1513 645 1537 &
665 1511 775 1537 asclerati
790 1511 866 1537 castra
881 1510 1062 1536 custodiebant.
1081 1511 1197 1544 Cumque
1211 1509 1381 1544 crepusculum
1394 1518 1454 1535 noc-

422 1552 453 1577 tis
469 1553 606 1579 recedentis
620 1554 643 1579 &
657 1553 706 1579 diei
719 1552 872 1578 advenientis
886 1552 960 1577 finem
974 1551 1054 1582 daret,
1069 1551 1093 1582 ὄρ
1108 1550 1161 1576 dies
1175 1549 1317 1576 clariffimus
1331 1551 1455 1585 apparuit,

419 1593 460 1619 die
474 1594 580 1626 Martis,
593 1593 616 1619 in
633 1602 684 1628 quo
700 1593 812 1620 Christus
827 1601 893 1626 aqua
906 1591 953 1617 fuit
966 1591 1072 1622 lavatus,
1085 1591 1110 1616 in
1124 1599 1176 1624 quo
1191 1598 1266 1616 omne
1281 1590 1376 1616 bonum
1395 1599 1455 1617 con-

423 1634 488 1667 tulit,
499 1634 633 1660 Christiani
643 1634 758 1660 viderunt
766 1633 895 1667 quoddam
906 1632 1021 1658 vexillum
1031 1632 1164 1658 balzanum
1174 1633 1198 1658 δι
1210 1631 1257 1657 alia
1271 1631 1357 1659 vexilla
1374 1631 1455 1658 sanae

421 1674 511 1700 Crucis
539 1674 563 1700 in
577 1674 685 1700 turribus
707 1673 821 1699 civitatis.
847 1673 898 1702 Qui
917 1673 1099 1707 prosternentes
1117 1672 1141 1698 se
1158 1672 1190 1697 ad
1210 1678 1301 1698 terram
1318 1671 1454 1700 dicebant:

420 1716 450 1748 O,
460 1714 582 1741 Damiata
593 1719 665 1748 capta
675 1714 707 1746 est
716 1713 815 1740 virtute
826 1712 926 1739 Domini
936 1712 1009 1746 nostri
1019 1712 1090 1746 IheJu
1103 1711 1193 1744 Christi
1205 1711 1335 1746 Crucifixi,
1347 1720 1392 1746 que
1400 1711 1455 1738 olim

418 1760 476 1780 erat
489 1755 593 1780 cathena
606 1754 765 1789 captivorum
785 1754 814 1778 δέ
827 1761 915 1779 carcer
921 1752 1081 1786 sclavorum,
1093 1753 1160 1778 modo
1169 1751 1260 1785 gratia
1273 1750 1370 1777 Domini
1383 1751 1456 1785 nostri

420 1794 543 1828 Crucifixi
559 1794 609 1820 erit
625 1796 708 1820 domus
727 1794 929 1828 Christianorum.
946 1792 1120 1818 Affirmabant
1133 1791 1208 1817 etiam
1223 1790 1268 1818 viri
1279 1790 1383 1825 antiqui,
1396 1800 1455 1826 pru-

419 1835 507 1860 dentes
516 1835 540 1860 &
550 1834 665 1868 religiosi,
678 1833 794 1859 vexillum
809 1833 949 1864 balzanum,
963 1832 1031 1866 quod
1045 1832 1174 1863 videbant,
1187 1830 1236 1857 effe
1252 1831 1366 1857 vexillum
1382 1830 1454 1857 Beati
1468 1827 1493 1852 Ρ·
1506 1827 1522 1850 f·
1536 1833 1577 1857 ¹15
1590 1826 1618 1849 c·

421 1874 546 1900 Leonardi
557 1875 579 1900 δι
590 1874 651 1900 illud
661 1873 685 1899 in
696 1873 806 1904 ecclesia,
822 1873 846 1899 in
861 1882 911 1907 qua
918 1881 1010 1906 corpus
1020 1872 1071 1898 eius
1081 1871 1105 1897 in
1116 1871 1253 1905 presentem
1268 1870 1334 1896 diem
1348 1871 1455 1905 requies-

420 1914 463 1946 cit,
475 1914 570 1947 vidiffe,
584 1915 608 1940 δι
626 1923 713 1940 omnes
728 1922 772 1948 pre
790 1913 867 1939 nimio
880 1912 975 1947 gaudio
988 1913 1012 1938 &
1027 1912 1123 1946 ingenti
1142 1911 1219 1937 letitia
1236 1911 1358 1937 commoti
1373 1911 1455 1946 plora-

421 1955 483 1980 bant
497 1955 520 1980 &
535 1954 622 1980 oculos
635 1955 659 1980 &
672 1962 761 1979 manus
781 1953 814 1978 ad
827 1953 908 1979 celum
923 1953 1032 1979 levantes
1045 1951 1132 1978 humili
1145 1960 1207 1977 voce
1219 1951 1350 1978 dicebant:
1370 1952 1393 1977 0
1405 1952 1456 1978 Do-

420 1994 483 2020 mine
495 1994 566 2027 Ihesu
579 1993 679 2027 Christe,
698 2002 746 2019 rex
756 1993 845 2027 glorie,
853 1992 897 2026 fili
913 1992 1027 2027 ‘virginis
1044 1991 1130 2018 Marie
1143 1993 1171 2017 80³·
1181 1990 1284 2017 omnium
1297 1999 1382 2016 rerum
1394 1989 1455 2024 vifi-

420 2034 505 2060 biliam
514 2033 669 2067 fabricator,
693 2033 734 2059 cui
744 2032 828 2066 angeli
841 2032 942 2059 &troni
955 2033 983 2058 &
991 2031 1163 2058 dominationes
1172 2030 1314 2064 subiiciunt,
1324 2030 1456 2056 laudamus

423 2073 617 2099 &benedicimus
634 2072 676 2104 Te,
686 2072 788 2107 gratias
805 2073 903 2106 agimus
923 2072 980 2098 ‘libi
989 2071 999 2097 Ι
1009 2071 1149 2098 Βεηειίίὲῖω
1162 2071 1196 2105 fit
1211 2071 1278 2096 Deus
1289 2075 1392 2104 patrum
1405 2069 1455 2103 nost

421 2120 515 2140 trorum
527 2114 555 2138 Ξ
564 2112 701 2139 laudabilis
717 2112 869 2146 &gloriosus
883 2112 909 2138 in
913 2111 1001 2145 secul'a
1012 2112 1021 2137 Ι
1034 2110 1209 2137 Benedicamus
1220 2111 1291 2144 patri
1306 2111 1333 2135 ἔθ’
1335 2110 1392 2144 filio
1402 2118 1456 2136 cum

421 2155 507 2180 Saudo
519 2153 620 2188 Spiritu,
634 2152 760 2178 laudemus
775 2151 1016 2186 &superexaltemus
1026 2161 1079 2177 eum
1091 2151 1117 2177 in
1123 2149 1224 2185 secula!
1237 2152 1320 2176 Amen.
1337 2150 1454 2185 Explicit.
