1624 2788
393 274 434 317 xij
801 282 1022 309 PRAEFATIO.

432 389 463 421 A
474 389 499 421 F
501 389 598 421 risone
612 391 699 431 igitur
716 390 790 422 nobis
803 398 958 430 narratur,
972 391 1069 422 multos
1082 390 1284 433 crucesignatos
1301 402 1320 421 a
1339 389 1424 422 Lau-

392 450 500 478 werze‚
512 439 592 481 apud
601 439 775 480 Groningam
783 438 848 482 fito,
862 440 1065 479 Dortmudang
1076 451 1142 480 quae
1153 446 1252 481 portus
1263 440 1301 480 est
1310 439 1424 480 Angaae

392 487 592 527 celeberrimus,
610 489 744 530 prosedas
754 488 860 530 fuzffi,
880 489 971 528 ibique
986 488 1154 519 Guilelmum
1168 489 1201 519 de
1214 487 1376 519 Hollandia
1389 489 1424 519 ἔθ’

395 535 545 577 Georgium
559 538 591 568 de
609 537 655 568 W
651 538 697 568 ied
707 538 812 568 comites
829 537 974 578 invmff.
1003 537 1082 568 Unde
1105 537 1195 579 claffis
1210 537 1423 578 peregrinorum

392 592 559 626 congregata
574 585 636 624 exit,
647 593 656 609 1
669 585 728 628 sed,
742 586 904 628 tempestate,
919 597 941 616 v
955 586 997 616 die
1011 586 1074 626 iulij
1087 593 1193 624 exorta,
1208 586 1250 616 ad
1260 585 1335 616 littus
1349 585 1424 616 Bre-

392 634 471 664 toniae
482 634 566 664 navis
573 634 702 674 quadam
703 635 863 676 frangitur
867 650 880 670 ,·
887 635 1075 676 naufragium
1084 646 1152 666 vero
1155 634 1231 677 paffi
1237 647 1255 665 a
1266 640 1352 665 morte
1354 634 1424 677 ser-

391 689 535 713 vantur.²
554 683 664 713 Deinde
683 689 777 714 auttor
791 684 888 725 noster,
903 684 933 713 in
955 683 1107 715 Guilelmi
1130 683 1253 714 comitis
1274 681 1425 713 clafficula

391 731 530 770 versatus,
555 739 672 771 narrat,
691 743 754 772 quae
768 732 914 773 peregrini
931 732 1132 774 tempestatibus
1147 731 1365 774 paffifuiffeng
1389 731 1424 761 ἔθ’

391 780 488 810 multos
501 787 646 811 enumerat
653 787 761 821 portus,
771 792 888 821 quorum
903 781 1013 812 nomina
1026 781 1055 812 in
1067 780 1240 811 Annalibus
1253 779 1424 812 Colonien-

390 827 468 859 fibus
482 829 606 871 frustra
627 836 805 869 quaeruntur,
824 840 940 869 quorum
956 834 1062 868 auctor,
1085 829 1259 870 Georgium
1275 829 1423 860 comitem

390 877 542 918 sequutus,
556 878 614 908 iam
632 878 664 918 xj
682 878 725 908 die
742 878 814 918 iumj
836 877 1015 908 Ulixibonam
1036 879 1123 916 venit,
1137 889 1188 918 quo
1206 877 1231 908 F
1233 877 1290 908 riso
1308 878 1360 908 xiv
1380 878 1423 909 die

389 926 461 966 iuntj'
474 926 607 970 appuisus
621 927 667 965 est.
688 926 748 957 Hic
768 927 842 957 illius
857 927 934 958 urbis
947 926 1156 968 topographiam
1169 927 1284 968 profert
1301 926 1325 957 ei
1335 925 1423 967 simil-

390 975 496 1013 limam,
508 987 569 1016 quae
575 975 603 1005 in
614 975 786 1006 Annalibus
796 975 1030 1007 Colonienfibus
1038 976 1072 1006 ΕΞ
1082 974 1186 1007 Gestis
1193 975 1422 1015 crucigerorum

388 1023 542 1062 invenitur,
553 1023 612 1067 sed
620 1023 694 1066 solus
708 1027 806 1054 auctor
820 1024 908 1065 noster
922 1030 1038 1062 narrat,
1058 1024 1116 1055 iam
1131 1035 1203 1055 anno
1225 1023 1330 1055 MCX
1327 1022 1353 1053 L
1361 1021 1392 1055 V
1389 1021 1426 1053 II

394 1072 550 1112 Ulvingam
563 1072 727 1113 Poptetum3
745 1083 805 1102 cum
823 1073 962 1113 armigero
967 1073 1024 1116 suo
1034 1073 1063 1103 in
1079 1072 1247 1114 Portugalia
1263 1084 1307 1104 res
1317 1072 1422 1113 egregie

385 1120 494 1163 gffffi
501 1121 636 1161 quendam
648 1121 682 1151 δ’
689 1127 828 1151 mortuum
838 1122 943 1152 nomine
953 1121 992 1152 H
990 1122 1123 1160 enricum,
1129 1122 1252 1162 catalogo
1258 1121 1422 1164 sanc'torum

390 1170 562 1213 adscriptum
566 1170 670 1212 fuiffl.
686 1170 785 1211 Neque
797 1177 887 1201 tamen
899 1169 924 1201 F
926 1170 983 1201 riso
994 1171 1094 1211 refert,
1104 1169 1304 1213 crucestgnatos
1315 1182 1334 1201 a
1347 1169 1421 1202 Por-

389 1219 504 1259 tugaliae
521 1219 614 1250 incolis
635 1220 669 1250 ἐς
683 1231 755 1260 rege,
778 1226 810 1249 ut
821 1219 961 1259 castellum
976 1218 1108 1250 Alkazar
1123 1219 1273 1261 obsiderent
1286 1220 1320 1250 ἔθ’
1335 1227 1422 1261 expu-

384 1274 518 1308 gnarent,
533 1268 681 1299 admonitos
686 1268 789 1311 fuiſjh,
810 1268 903 1311 eosque
923 1267 1078 1299 Ulixibonae
1098 1267 1245 1299 hiemantes
1258 1268 1372 1299 delicate
1387 1269 1421 1299 ΕΩ*

389 1316 529 1359 luxuriose
543 1316 654 1358 vix-iste,
669 1328 732 1357 quae
747 1317 837 1347 omnia
852 1328 871 1347 a
890 1315 1067 1348 Colonienfi
1083 1317 1117 1346 &
1130 1316 1283 1347 Rhenano
1298 1328 1421 1348 accura-

388 1365 441 1396 tius
455 1372 628 1396 narrantur.
649 1365 677 1395 E
690 1372 786 1396 contra
807 1365 932 1396 certiores
946 1376 992 1395 nos
997 1364 1079 1406 facit
1091 1365 1123 1395 de
1137 1365 1179 1403 iis,
1193 1375 1257 1405 quae
1266 1365 1421 1406 peregrini,

386 1414 464 1456 sociis
478 1415 519 1444 ad
530 1414 679 1445 Alkazari
696 1414 836 1455 castellum
851 1413 1022 1456 obstdendum
1037 1413 1251 1454 remanentibus,
1270 1413 1421 1446 Ulixibona

384 1463 513 1504 provecti
535 1462 680 1504 geffirint.
694 1470 710 1493 4
737 1462 954 1494 coloniensem
977 1462 1064 1503 igitur
1087 1462 1121 1493 ΕΒ*
1143 1462 1337 1502 Rhenanam,
1359 1475 1420 1494 cum

427 1575 436 1590 1
454 1565 578 1590 Oliverius
591 1564 631 1598 (p.
650 1566 733 1597 ¹40¹)
753 1570 845 1596 narrat,
861 1574 874 1590 e

387 1605 515 1639 provincia
526 1605 666 1631 Colonienfi
681 1605 731 1630 fere
744 1613 788 1630 ccc
797 1613 872 1630 naves

387 1645 458 1670 fuiss'e
469 1645 600 1679 profefilas5
611 1645 718 1671 Annales
729 1644 807 1672 Calon.
820 1654 872 1670 ma-

386 1685 458 1717 ximi,
468 1688 526 1718 829,
540 1691 681 1710 memorant
690 1686 751 1716 cccl,
765 1694 872 1719 quarum

387 1725 461 1751 clxxx.
486 1725 510 1750 in
545 1725 692 1759 Portugalia
723 1724 871 1757 remanslsse‚

387 1765 447 1790 dum
460 1765 507 1798 cxij
517 1765 605 1799 (Emo,
617 1775 641 1799 p.
655 1767 707 1799 59),
720 1766 787 1791 nulla
800 1774 870 1791 mora

386 1805 462 1838 faeta,
477 1805 682 1839 proveherentur.

422 1855 436 1870 2
453 1847 527 1870 Hanc
537 1854 625 1870 navem
640 1844 711 1871 fuiss‘e
723 1855 733 1869 e
746 1845 778 1870 de
792 1846 870 1871 Mun-

386 1885 451 1911 heim
468 1896 478 1909 1·
498 1885 547 1910 five
563 1885 712 1917 mulnheim,
732 1884 870 1918 Colonienfis

386 1926 410 1951 δι
419 1926 550 1950 Rhenanus
564 1925 686 1950 nuntiant.

423 1974 435 1996 3
463 1966 503 1990 De
528 1964 642 1990 fabuloso
669 1965 710 1991 illo
739 1965 869 1990 Frisonum

386 2006 461 2031 heroe
488 2005 602 2030 conferas
616 2016 622 2030 ε
651 2005 722 2037 Gesta
746 2005 871 2038 Frg'sonum

387 2045 502 2079 (Werkm
526 2045 675 2078 uitgegeven
688 2046 747 2070 door
767 2044 870 2078 Frigffch

386 2085 558 2118 Genoogschap,
581 2085 671 2118 1837),
695 2094 719 2119 p.
747 2087 870 2117 138-140,

386 2126 410 2151 δι
432 2125 503 2158 Gesta
525 2124 651 2158 Fresonum
671 2124 756 2158 (ibid.‚
781 2125 870 2158 1853),

386 2174 410 2199 Ρ·
424 2173 483 2198 293-

970 1575 988 1598 4
1000 1566 1131 1592 Rhenanus
1145 1572 1238 1598 narrat,
1251 1566 1297 1592 hos
1310 1565 1420 1600 peregri-

935 1613 990 1638 ηος,
1005 1606 1135 1640 postquam
1152 1607 1177 1632 in
1187 1607 1258 1632 Italia
1266 1605 1421 1638 hiemaffent,

933 1646 991 1671 xxiv
1004 1646 1046 1672 die
1068 1646 1151 1681 aprilis
1167 1647 1199 1672 ad
1219 1647 1306 1672 urbem
1326 1647 1420 1672 Aecon

933 1686 1048 1720 appulsos
1063 1686 1147 1721 fuiffe3
1167 1688 1190 1712 δι
1210 1687 1319 1712 Iacobus
1334 1686 1365 1712 de
1378 1685 1420 1712 Vi-

934 1727 1012 1752 triaco
1025 1725 1122 1760 (Epist,
1144 1735 1164 1758 1,
1184 1727 1249 1760 290)
1263 1731 1348 1760 aperte
1362 1725 1419 1751 nos-

933 1772 985 1791 tros
1019 1766 1136 1800 intelligit
1166 1767 1251 1792 dicens
1262 1785 1270 1798 ,
1302 1765 1416 1792 Frisones

933 1814 990 1832 cum
1007 1806 1184 1840 lcoggonibus
1213 1817 1223 1830 ι
1239 1815 1290 1832 non
1313 1805 1419 1832 multum

933 1846 986 1880 post
1007 1846 1096 1880 pascha
1112 1857 1122 1871 »
1145 1846 1199 1880 (xiv
1217 1846 1257 1872 die
1270 1846 1356 1880 april.)
1375 1846 1420 1871 ad-

932 1885 1033 1911 venisse.
1049 1888 1090 1912 Ex
1103 1886 1132 1912 iis
1143 1895 1202 1912 vero
1213 1885 1360 1921 peregrinis,
1376 1885 1419 1920 qui

932 1925 956 1951 in
984 1926 1134 1960 Portugalia
1159 1926 1336 1958 remanserant,
1364 1925 1419 1960 plu-

932 1965 987 1991 rimi
996 1967 1103 1992 xxivdie
1113 1966 1170 2000 maij
1182 1966 1206 1992 in
1220 1966 1330 1992 Terram
1344 1967 1419 1992 Sanc-

932 2011 984 2031 tam
1006 2013 1126 2032 venerunt
1146 2015 1203 2032 cum
1221 2006 1279 2039 xxiij
1301 2006 1418 2040 navibus3

932 2054 974 2070 eos
1000 2046 1067 2071 enim
1089 2046 1149 2079 xxiij
1173 2046 1214 2072 die
1234 2045 1318 2080 aprilis
1336 2045 1419 2072 adhuc

931 2085 956 2110 in
970 2085 1050 2111 Sicilia
1063 2086 1171 2112 versatos
1184 2085 1265 2118 fuifl'e,
1284 2086 1363 2120 probe
1375 2085 1420 2111 sci·

932 2134 986 2150 mus
1010 2126 1095 2159 (Gesta
1115 2125 1216 2160 crucig,
1240 2125 1342 2159 38-39).
1367 2127 1419 2152 Hae

932 2174 991 2191 vero
1016 2165 1244 2201 crucesignatorum
1267 2174 1343 2191 naves
1366 2174 1417 2192 non
