1624 2788
380 236 446 286 156
627 246 738 272 Lmen
756 245 909 271 Duum
926 244 1152 271 cums‘rmm

302 372 360 395 ηις
375 355 405 390 6ae
422 357 553 389 manebit
570 359 619 390 hic
635 359 666 390 in
684 357 833 390 eternum!
855 354 937 402 Qo
957 353 1082 398 audito,
1102 352 1253 389 soldanus
1271 355 1306 389 &
1319 354 1405 389 Cor-

374 407 505 443 radinus
522 421 731 443 cucurrerunt
752 407 795 442 ad
812 407 957 452 califum,
975 407 1068 442 suum
1080 419 1215 455 papam,
1243 405 1405 442 dicentes:

375 465 518 505 Domine,
557 475 642 508 capta
671 465 709 506 2st
743 464 902 504 Damiata,
935 474 967 495 ut
997 463 1164 495 credimus!
1201 460 1271 508 Qui
1300 459 1406 495 statim

374 515 512 561 proiecit
527 515 651 562 pileum
669 515 730 551 five
747 527 908 550 coronam
925 514 1016 549 suam
1033 515 1067 549 in
1084 526 1204 549 terram
1221 514 1256 548 &
1272 512 1406 549 concul-

327 568 332 571 “
375 580 451 602 cans
477 581 551 603 earn
573 581 650 603 cum
667 568 867 616 blasphemia
884 568 947 602 Dei
964 568 1011 602 sui
1028 567 1123 603 dixit:
1145 569 1213 602 Heu
1230 581 1287 612 me,
1304 580 1406 601 eamus

376 635 476 656 omnes
493 622 523 656 ἃ
537 625 702 657 moriamur
718 636 782 656 cum
801 623 891 656 illis!

422 674 568 710 XXXIV.
588 675 622 711 Et
640 687 798 711 venerunt
815 687 890 710 cum
910 673 1135 722 manganellis,
1165 686 1265 708 manu
1283 685 1408 708 armata

376 727 529 763 foffatum
544 729 688 763 nostrum
703 741 780 763 cum
793 729 934 763 maxima
949 729 980 762 vi
993 728 1203 770 intraverunt,
1220 738 1407 775 gravatum-

375 795 439 829 que
457 782 501 817 est
518 783 668 830 prelium,
695 784 729 817 &
747 782 841 817 multi
867 781 908 816 de
934 781 1047 815 nostris
1075 779 1171 815 occist
1193 782 1228 815 ἃ
1249 780 1408 815 vulnerati

376 836 448 870 sunt
474 836 507 869 in
533 835 585 870 die
609 835 674 880 illa,
700 834 742 870 de
766 835 945 870 sarracenis
972 846 1107 881 quoque
1132 835 1215 869 inter
1243 846 1347 881 equos
1373 834 1408 868 &

377 890 500 936 equites
520 889 586 924 fere
604 888 672 923 duo
691 889 779 923 milia
798 888 918 923 mortui
936 887 1074 923 fuerunt.

466 996 517 1029 ‘De
533 1007 638 1040 quarta
654 997 872 1040 expugnatione
892 994 922 1028 ἃ
940 995 1066 1029 adventu
1084 996 1208 1039 hostium
1230 1006 1316 1028 nono.

272 1111 313 1133 ¹1¹¹-
327 1117 362 1139 3¹·
426 1102 559 1138 XXXV.
591 1103 694 1137 Prima
723 1101 775 1137 die
805 1101 957 1137 calendas
986 1102 1120 1150 Augusti
1151 1102 1279 1137 summo
1310 1115 1409 1137 mane

378 1157 551 1193 Christiani
569 1157 686 1191 iterum
711 1154 883 1191 trahebant
907 1156 1048 1190 cocchas
1073 1168 1148 1191 cum
1164 1156 1248 1191 scala
1272 1169 1332 1204 per
1348 1154 1408 1190 flu-

377 1223 453 1245 men
479 1222 554 1244 ante
579 1210 688 1244 menia
716 1209 863 1244 civitatis.
895 1209 986 1244 Scala
1009 1210 1194 1244 Pisanorum
1219 1209 1324 1257 prima
1351 1209 1493 1244 suits-180
1504 1225 1523 1240 a.

377 1262 419 1298 ad
439 1276 551 1298 muros
569 1261 683 1310 posita,
703 1275 767 1309 que
791 1263 857 1297 cito
877 1263 942 1297 fere
960 1274 1030 1297 tora
1047 1262 1108 1297 fuit
1127 1261 1307 1298 combusta.
1335 1263 1409 1298 Hos

377 1327 487 1350 autem
513 1314 659 1351 videntes
686 1316 811 1351 nostros
838 1316 882 1350 ita
909 1316 1123 1358 concremari,
1150 1314 1246 1350 valde
1272 1315 1409 1364 plange-

377 1367 501 1403 bamus.
526 1369 620 1403 Tunc
642 1370 809 1404 Sarraceni
833 1367 1037 1404 adduxerunt
1063 1367 1217 1403 barbotas
1241 1370 1276 1404 &
1301 1369 1410 1417 galeas

375 1435 513 1457 armatas
530 1435 589 1470 per
602 1421 735 1457 flumen.
754 1422 869 1458 Nostre
884 1434 993 1457 autem
1007 1422 1100 1470 galee
1118 1435 1187 1456 non
1206 1434 1298 1457 erant
1316 1423 1411 1470 supra

376 1476 520 1510 nostrum
534 1488 684 1523 pontem,
702 1478 736 1510 δε
750 1489 814 1510 una
829 1476 888 1510 fuit
902 1474 944 1510 ab
962 1477 1005 1510 eis
1024 1474 1204 1520 combusta,
1221 1475 1410 1511 noluerunt-

377 1541 440 1575 que
460 1530 558 1563 etiam
573 1541 712 1577 pontem
731 1530 875 1564 nostrum
890 1541 1112 1573 concremare,
1133 1527 1176 1563 ob
1195 1530 1285 1564 cuius
1298 1528 1410 1564 defen-

377 1581 499 1617 fionem
514 1583 643 1630 plurimi
658 1582 698 1617 de
713 1583 826 1617 nostris
836 1582 908 1617 sunt
919 1582 1087 1618 vulnerati.
1105 1584 1137 1616 ln
1151 1581 1286 1617 meridie
1299 1594 1410 1618 autem

378 1635 480 1683 posita
498 1637 542 1671 est
560 1637 622 1671 alia
636 1637 718 1672 scala
735 1637 829 1684 supra
844 1650 974 1672 murum
987 1637 1138 1679 civitatis,
1155 1638 1189 1671 δε
1207 1649 1284 1671 cum
1299 1634 1412 1671 debuit

378 1691 535 1734 reclinari,
551 1691 650 1725 fradla
669 1691 720 1725 est.
742 1693 819 1726 {tem
833 1691 922 1726 venit
938 1690 1001 1725 alia
1018 1690 1102 1725 scala
1122 1688 1322 1725 lanuenfium
1340 1688 1411 1724 des-

379 1744 522 1779 cendens
545 1745 638 1791 supra
657 1757 798 1779 murum.
827 1744 923 1779 Tunc
944 1743 1061 1792 gladiis
1079 1757 1227 1792 pugnare
1244 1755 1411 1791 ceperunt,

379 1800 423 1833 ita
442 1797 533 1845 quod
552 1797 675 1845 lapides
693 1799 727 1832 ὅ(
745 1798 852 1832 iacula
875 1798 908 1833 in
927 1799 1090 1833 civitatem
1106 1796 1360 1846 proiiciebantur
1377 1798 1411 1831 &

380 1852 499 1887 multos
514 1850 730 1886 vulnerabant
742 1852 776 1886 &
789 1850 1033 1886 interficiebant.
1049 1851 1167 1899 Pagani
1181 1863 1293 1886 autem
1305 1851 1411 1884 immi-

380 1906 487 1940 serunt
496 1905 590 1952 super
603 1905 723 1939 scalam
735 1905 847 1952 ignem
861 1918 1001 1952 eamque
1015 1903 1269 1939 combusserunt.
1281 1905 1326 1938 At
1338 1916 1412 1948 nos,

382 1959 437 2005 qui
455 1972 581 1993 eramus
599 1960 632 1993 in
651 1971 743 2004 terra,
770 1959 830 1993 hec
847 1957 1006 2002 videntes,
1029 1956 1117 1992 flexis
1135 1956 1283 2006 genibuS,
1302 1958 1412 1992 Deum

382 2011 547 2059 deprecati
566 2013 672 2047 sumus
690 2012 851 2047 dicentes:
872 2015 1004 2046 Domine
1028 2014 1112 2058 Ilzesu
1131 2013 1257 2056 Christe,
1277 2014 1328 2056 qui
1346 2013 1376 2045 Τ
1374 2025 1412 2045 ua

383 2068 592 2112 misericordia
610 2068 746 2100 mundum
760 2069 863 2110 venisti
875 2067 1021 2110 redimere
1035 2066 1066 2100 ἃ
1081 2067 1118 2099 de
1132 2078 1215 2099 utero
1230 2066 1324 2098 ‘Beate
1342 2067 1367 2099 V
1368 2067 1411 2099 ir-

383 2123 469 2166 ginis
492 2133 607 2154 carnem
623 2121 742 2164 voluisti
761 2123 895 2165 accipere
913 2123 1071 2153 humanam
1089 2119 1119 2152 ἓν
1131 2121 1200 2164 pati
1216 2119 1361 2164 dignatus
1380 2131 1412 2151 es
