1624 2788
466 249 772 277 CRUCIGERORUM
797 248 1082 275 RHENANORUM.
1242 249 1258 287 ς
1267 251 1278 274 ῐ

1317 354 1375 377 ¹2¹9

255 358 469 408 exigentibuS,
486 359 521 393 in
541 357 766 393 decollacione
783 356 871 392 beati
884 357 1020 404 Baptiste
1035 356 1196 400 iohannis,
1211 356 1286 391 licet
1299 380 1360 408 Aug,
1371 384 1408 408 29,

256 414 310 450 vix
322 413 552 456 invenirentur,
576 411 632 458 qui
648 411 682 445 in
699 411 877 446 castrorum
900 409 1046 445 custodia
1070 422 1286 455 remanerent,

257 465 408 502 navalem
436 467 471 500 &
495 464 673 500 terrestrem
697 464 874 498 exercitum
899 464 1046 510 equitum
1074 464 1108 498 &
1137 462 1288 510 peditum

257 518 443 562 educentes,
475 516 518 552 ad
548 515 802 562 Babyloniorum
836 516 936 551 castra
971 515 1177 551 tenderemus
1205 517 1289 551 inter

257 585 347 607 mare
363 573 398 606 ὅ(
414 570 559 615 fluvium,
573 569 628 605 ubi
645 569 748 605 dulcis
767 582 853 616 aqua
869 570 998 617 reperiri
1017 582 1085 604 non
1099 581 1229 617 poterat
1245 567 1288 604 ad

258 622 456 671 potandum.

309 676 365 724 {pss
381 690 473 723 vero,
490 675 619 712 sublatis
633 676 791 720 tentoriis,
810 676 925 724 fiigam
939 674 1132 710 simulabant
1148 676 1193 718 &,
1213 687 1289 710 cum

258 729 444 779 process'um
461 729 567 765 fuiffet
578 743 597 765 a
610 730 724 765 nostris
737 728 833 773 aden,
847 741 883 763 ut
893 741 1076 776 appareret,
1090 728 1288 764 adversarios

259 784 380 820 direffl
404 784 511 819 fronte
535 783 622 819 nolle
643 782 832 831 confligere,
859 783 1021 829 capitanei
1039 782 1137 817 nostri
1149 782 1290 830 longum

259 838 358 872 iniere
370 836 552 882 confilium,
569 849 678 872 utrum
690 837 916 884 procederent,
936 848 976 870 an
993 835 1151 880 redirent,
1169 834 1291 870 discors

54 900 245 931 v.,f.ur⁰,c.1.
260 903 327 926 erat
343 891 427 925 inter
449 902 506 924 eos
531 888 701 924 discordia.
730 891 847 924 Iterum
870 889 942 923 sunt
966 889 1068 924 solute
1086 890 1169 923 acies
1185 900 1292 935 preter

261 943 411 979 ordinem
423 943 564 987 illorum,
583 955 666 990 quos
680 941 920 990 indisciplinata
937 942 1075 977 militum
1087 942 1200 990 ligavit
1213 940 1291 976 obe-

261 995 399 1041 diencia,
416 996 539 1043 equites
557 995 662 1043 Cypri
684 995 716 1030 in
740 995 854 1031 dextro
873 1008 975 1030 cornu
997 996 1161 1030 constituti
1186 996 1292 1030 Sarra-

261 1050 359 1094 cenis,
384 1049 547 1084 incursum
574 1062 594 1084 a
617 1049 715 1084 latere
742 1048 944 1093 facientibus,
973 1048 1181 1083 timiditatem
1202 1048 1292 1082 suam

260 1101 480 1147 ostenderunt,
509 1102 607 1137 Italici
623 1101 748 1149 pedites
775 1102 872 1150 primi
899 1102 1051 1150 fugerunt
1075 1103 1110 1136 &
1136 1101 1210 1149 post
1236 1113 1292 1135 eos

260 1157 384 1204 equites
401 1154 443 1190 de
457 1156 551 1191 variis
564 1154 756 1190 nacionibus
773 1157 808 1190 &
826 1154 961 1202 quidam
975 1155 1171 1203 hospitalarij
1186 1155 1294 1189 Sanffl

6 1255 7 1258 Ἴ
53 1221 89 1250 Β,
100 1221 248 1252 p.23⁶,c.2.
261 1209 422 1252 Iohannis,
442 1209 553 1257 legato
566 1209 714 1243 Romane
732 1208 814 1244 sedis
832 1210 867 1243 ὅ(
881 1209 1074 1255 patriarcha,
1093 1209 1149 1255 qui
1162 1220 1294 1242 crucem

261 1261 437 1307 baiulabat,
454 1263 595 1298 multum
608 1262 663 1297 sed
682 1262 790 1297 fi-ustra
808 1261 1073 1310 supplicantibus,
1102 1273 1136 1296 ut
1154 1259 1293 1296 subfiste-

260 1328 340 1351 rent.
358 1315 442 1351 Estus
455 1316 528 1351 solis
541 1327 610 1351 erat
621 1315 813 1360 vehemens3
827 1314 952 1363 pedites
966 1328 1132 1350 armorum
1146 1313 1293 1362 pondere

261 1368 500 1417 premebantur.
527 1370 685 1405 Calorem
702 1370 790 1404 auxit
806 1368 900 1404 labor
916 1369 978 1411 vie,
1005 1380 1050 1411 ut,
1066 1375 1075 1390 ¹
1102 1369 1158 1415 qui
1185 1368 1293 1402 secum

261 1423 376 1459 vinum
392 1422 584 1466 detulerant,
610 1423 645 1457 in
662 1422 808 1470 angustia
826 1421 887 1456 fitis
910 1434 1027 1469 purum
1045 1420 1193 1456 biberent
1214 1420 1293 1455 illud

261 1488 397 1525 propter
423 1475 589 1512 defeetum
615 1488 709 1523 aque.
743 1476 803 1510 His
833 1473 983 1510 omnibus
1013 1473 1293 1515 concurrentibus,

263 1531 319 1578 qui
333 1528 528 1564 subfistentes
542 1529 573 1564 se
591 1527 808 1563 defenderunt
816 1530 851 1563 δε
860 1528 932 1575 post
941 1528 1122 1575 primitivos
1137 1527 1294 1575 fugientes

262 1582 381 1618 anhelo
395 1582 487 1618 cursu
500 1594 591 1630 terga
604 1580 773 1625 dederunt,
792 1581 924 1616 extinffl
942 1581 1014 1615 sunt
1032 1579 1095 1615 fine
1112 1579 1294 1615 vulneribus

262 1647 457 1671 corruentes.
475 1635 542 1670 Rex
558 1647 636 1670 veto
654 1647 731 1669 cum
750 1634 924 1681 templariis
942 1635 975 1668 ὅ(
995 1632 1100 1668 domo
1114 1633 1295 1668 Theutoni-

262 1702 379 1724 corum
395 1690 429 1723 ὃς
442 1687 653 1736 hospitalariis
670 1687 776 1722 Samsti
790 1687 950 1731 Iohannis,
963 1687 1168 1734 francigene,
1188 1686 1293 1735 [cum]

263 1741 305 1778 de
320 1741 511 1786 Hollandia‚
523 1748 538 1763 2
556 1740 597 1775 de
614 1740 737 1784 Wetia,
756 1739 798 1775 de
814 1739 1015 1783 Salesburch,
1034 1739 1075 1774 de
1093 1740 1216 1774 Cestria
1237 1753 1295 1774 co-

263 1794 406 1840 mitibus,
420 1794 483 1843 [&]
493 1794 641 1830 Waltero
653 1793 817 1838 Bet-nardi,
832 1793 930 1828 Pisani
939 1793 1058 1840 aliique
1067 1793 1182 1827 milites
1192 1793 1295 1838 impe-

263 1861 334 1884 tum
357 1849 627 1897 persequencium
651 1847 872 1891 sustinuerunt,
901 1860 954 1882 rex
975 1859 1083 1882 autem
1104 1847 1189 1894 ignis
1207 1846 1296 1894 greci

264 1901 490 1937 combustione
506 1899 689 1935 admodum
716 1900 759 1934 est
780 1899 987 1947 periclitatus.
1026 1900 1070 1934 l-li
1100 1912 1215 1933 omnes
1233 1911 1294 1946 pro

60 1966 122 1996 v.‚f.
131 1973 157 1990 u
167 1973 252 1996 mea.
264 1968 359 1991 muro
371 1955 499 1991 fuerunt
509 1952 718 2002 fugientibus.
731 1953 902 2001 roiens
911 1953 1000 1988 enim
1010 1953 1106 1987 facies
1116 1953 1185 1987 suas
1195 1952 1296 1987 osten-

265 2008 382 2044 derunt
390 2007 543 2053 hostibus,
557 2007 668 2056 fugere
678 2006 920 2054 compulerunt,
935 2004 1070 2054 quando
1080 2018 1158 2042 vero
1171 2005 1296 2054 gravati

306 2137 315 2155 ι
334 2129 364 2156 V.
380 2128 409 2154 ὅ
421 2128 446 2154 Β.
461 2129 494 2154 δι.
505 2142 537 2146 -
553 2137 567 2153 2
583 2127 687 2154 14&ss
703 2126 844 2154 Collandia.
