1624 2788
379 273 426 312 30
835 273 962 299 GESTA

282 394 341 416 1217
380 392 449 416 tum
463 380 560 416 Phare
579 381 613 415 in
630 393 735 430 regno
748 380 949 431 Legrenensi.
973 380 1017 416 lbi
1035 394 1133 417 naves
1151 381 1184 416 in
1198 392 1297 429 portu
1315 382 1410 417 relin-

379 445 526 482 quentes,
544 446 661 482 petunt
673 434 788 470 limina
803 434 935 484 gloriofi
954 435 1105 483 Apostoli
1123 433 1232 470 Iacobi
1249 435 1283 470 in
1303 435 1409 470 Com-

379 487 523 536 postella.

265 551 366 581 1un.z9.
429 543 521 577 Item:
540 545 574 578 In
591 543 746 589 martyrio
768 542 847 577 Petri
872 542 906 576 &
923 541 1009 577 Pauli
1034 555 1133 578 naves
1158 553 1359 589 repetuntur,
1376 541 1411 576 &

379 608 469 630 mare
486 595 675 632 ascendunt.
693 595 768 640 Ubi,
788 607 860 630 orta
878 595 1066 643 tempestate
1083 594 1248 640 seviffima‚
1266 595 1410 643 separate

380 648 452 683 sunt
468 661 578 694 naves,
595 651 630 684 &
645 662 756 684 comes
775 647 936 684 Hollenfis
949 660 1083 697 portum
1098 648 1198 696 peciit
1216 660 1292 683 cum
1308 647 1410 696 pluri-

378 700 438 736 bus
455 701 591 738 navibus
608 704 642 738 in
660 715 764 751 regno
782 700 1010 750 portugalenfi,
1039 703 1072 736 in
1091 702 1178 737 cuius
1195 701 1330 736 introitu
1348 713 1409 736 tres

378 767 476 790 naves
499 755 600 791 fraste
626 756 707 791 sunt.
738 755 863 791 Comes
888 768 966 790 vero
991 754 1033 790 de
1050 754 1152 791 Wide
1178 767 1255 790 cum
1281 753 1409 801 reliquis
1422 765 1463 794 v.‚
1472 763 1508 788 ῆι
1517 770 1605 793 v0,c.1.

377 806 512 843 navibus
535 809 663 845 intravit
685 820 819 857 portum
839 809 873 842 in
888 807 1008 843 eodem
1032 821 1147 856 regno.
1176 806 1307 842 Deinde
1324 807 1410 842 circa

269 869 310 891 lul.
324 875 332 891 ι
337 875 359 899 5.
376 860 447 896 idus
467 862 532 908 lulij
549 863 701 911 graviora
718 861 807 910 paffi,
832 862 1013 909 parcialiter
1031 862 1152 897 intrant
1163 873 1297 910 portum
1311 861 1411 897 Ulixi-

375 913 564 952 bonensem.
584 916 631 951 Est
648 916 737 951 enim
755 914 931 952 Ulixibona
949 916 1076 963 optima
1098 916 1223 958 civitas,
1244 916 1278 950 in
1296 927 1410 950 monte

376 967 441 1014 fita,
462 970 496 1003 in
514 982 555 1004 eo
570 976 578 992 ¹
593 969 712 1004 scilicet
726 969 815 1013 loco,
835 967 890 1003 ubi
906 969 1060 1004 auriferus
1074 969 1209 1018 Thagus
1224 969 1305 1004 mari
1322 969 1410 1003 occi-

376 1022 498 1057 dentali
516 1023 695 1070 copulatur.

425 1076 523 1110 Hanc
545 1076 710 1111 civitatem
730 1075 907 1110 construxit
925 1075 1045 1119 Ulixes,
1076 1088 1153 1111 cum
1171 1089 1191 1111 a
1212 1076 1314 1111 Troia
1338 1075 1410 1123 post

376 1130 442 1164 eius
461 1128 721 1163 destruccionem
739 1126 931 1171 disceffiffet,
947 1141 1035 1163 nunc
1051 1140 1160 1163 autem
1176 1127 1221 1164 ibi
1240 1140 1411 1164 veneratur

376 1184 461 1220 beati
488 1197 607 1232 corpus
625 1185 791 1230 Vincentij
818 1184 915 1220 levite
936 1185 971 1218 δε
998 1185 1156 1229 martyris.
1187 1184 1278 1219 Cum
1301 1184 1411 1231 itaque

375 1237 453 1273 dieti
466 1239 533 1273 iam
548 1237 760 1286 crucesignati
772 1250 831 1285 per
849 1237 975 1284 aliquot
989 1236 1057 1272 dies
1071 1238 1104 1271 in
1120 1237 1185 1272 hoc
1208 1237 1287 1272 loco
1301 1249 1410 1272 mora-

374 1304 493 1336 rentur,
503 1292 725 1339 exspeclantes
736 1291 812 1326 alias
821 1303 930 1336 naves,
936 1289 1137 1326 accefferunt
1147 1290 1189 1326 ad
1199 1303 1256 1325 eos
1263 1292 1408 1335 Severus,

374 1345 544 1392 episcopus
562 1342 814 1387 Ulixibonenfis‚
835 1343 1008 1391 episcopus
1027 1343 1201 1389 Ebmenfis,
1213 1351 1227 1366 ²
1243 1344 1410 1389 Martinus,

373 1397 628 1433 commendator
645 1397 764 1432 milicie
784 1396 825 1431 de
845 1397 995 1442 Palmela,
1014 1397 1186 1445 templarij‚
1209 1397 1409 1445 hospitalarii

374 1464 448 1486 cum
472 1451 542 1487 aliis
567 1450 745 1495 nobilibus,
771 1451 840 1485 suas
859 1451 903 1485 eis
930 1451 1103 1486 continuas
1127 1449 1358 1486 tribulaciones
1375 1451 1410 1485 &

373 1505 534 1553 angustias
561 1517 600 1539 ex
622 1505 724 1540 nimia
748 1505 854 1539 vicina
881 1505 1134 1540 Sarracenorum
1159 1503 1410 1539 lamentabiliter

373 1570 585 1606 exponentes,
611 1557 871 1606 afferebantque,
890 1558 1028 1593 castrum
1047 1556 1112 1593 esse
1129 1558 1164 1592 in
1183 1556 1306 1593 foribus
1323 1558 1408 1606 ipso-

373 1625 444 1647 rum
474 1625 493 1647 a
523 1612 703 1647 Sarracenis
731 1611 960 1658 inhabitatum,
975 1619 986 1641 3
1010 1611 1102 1659 quod
1120 1611 1268 1655 Alkazer‚
1280 1618 1296 1641 4
1314 1611 1348 1646 id
1365 1612 1410 1646 est

372 1670 503 1701 omnium
532 1680 633 1700 carcer
665 1665 791 1710 dicitur,
820 1679 839 1700 a
866 1678 934 1713 quo
962 1663 1092 1700 fuissent
1122 1665 1203 1700 olim
1235 1664 1408 1700 Christiani

372 1720 531 1755 violenter
557 1719 648 1754 eieffl
670 1720 704 1754 &
721 1719 913 1767 captivati,⁵
934 1718 1103 1764 addentes,
1127 1719 1192 1754 hoc
1220 1719 1357 1754 castrum
1373 1719 1407 1754 in

372 1772 526 1821 penfione
546 1772 588 1807 ad
606 1772 695 1807 mille
713 1773 820 1820 capita
838 1772 1087 1807 christianorum
1105 1773 1162 1807 suo
1181 1773 1250 1821 regi
1267 1771 1309 1807 de
1323 1772 1407 1807 Mar-

372 1826 451 1861 roch
470 1825 598 1875 singulis
625 1827 718 1860 annis
742 1824 806 1861 effe
824 1825 1020 1874 obligatum.
1040 1826 1158 1873 Sicque
1176 1827 1354 1874 pecierunt,
1372 1838 1407 1860 ut
1420 1842 1460 1870 v„
1472 1841 1508 1865 ᾗ,
1521 1845 1557 1870 vo,
1568 1848 1615 1865 m.

371 1880 487 1915 intuitu
512 1879 680 1914 christiane
703 1879 868 1927 religionis
897 1878 938 1914 ab
957 1879 1071 1914 incolis
1089 1880 1182 1914 huius
1206 1879 1272 1914 loci
1299 1878 1407 1914 valida

373 1946 472 1968 manu
498 1932 710 1981 dignarentur
736 1945 793 1967 eos
817 1931 963 1977 liberare,
994 1945 1071 1967 curn
1088 1933 1153 1967 hoc
1171 1932 1310 1967 castrum
1329 1931 1408 1968 effet

372 1987 469 2022 clavis
487 1987 522 2020 &
543 1985 733 2021 admirabile
757 1986 958 2022 incentivum
986 1987 1099 2021 erroris
1123 1986 1221 2021 totius
1241 1986 1406 2035 Hispanie.

412 2124 420 2139 1
438 2115 463 2139 B.
478 2114 534 2139 deo.
548 2129 582 2132 —-
601 2124 614 2138 2
631 2115 659 2140 V.
674 2114 856 2140 Ulixiborenfis.
956 2124 973 2146 4
999 2116 1028 2140 V.
1051 2115 1171 2140 Albarez.
1199 2130 1230 2134 —-
1260 2125 1272 2148 5
1299 2116 1408 2140 Vacuum

376 2169 406 2174 —-
423 2163 435 2186 3
451 2155 561 2179 Vae-uum
570 2153 601 2186 est
611 2153 636 2179 in
649 2155 674 2179 B.
921 2154 947 2180 in
962 2155 987 2180 B.
1392 2156 1395 2159 '
