1624 2788
616 264 837 290 PRAEFATIO.
1196 270 1239 293 XV

208 370 322 401 crimine
339 370 438 413 positos
451 370 612 415 Nuffienses
625 372 760 414 sanflum
774 372 942 414 Quirinum,
953 381 963 397 ¹
981 374 1059 405 urbis
1075 381 1237 415 patronum,

204 419 335 459 precibus
346 418 501 460 fatigaffl,
522 420 556 449 δ’
575 431 663 451 naves
676 421 820 462 dffpatas
834 422 894 465 sub
910 421 998 463 finem
1019 423 1120 463 aprilis
1135 423 1238 465 Meffl-

209 478 276 497 nam
291 467 535 511 appulsasfuiffi.
552 467 723 512 Insequenti
734 480 804 500 vero
817 476 891 500 textu
912 470 1078 502 Rhenanus
1093 470 1123 502 δι
1137 472 1237 503 iterum

209 515 403 546 Colonienfis
410 516 583 555 conveniunt,
587 515 616 559 s
611 517 646 547 oli
655 529 724 547 vero
733 517 909 549 Colonienfi
917 519 1026 550 aue'tori
1031 519 1155 550 debemus
1165 527 1238 562 topo-

204 564 361 605 graphiam
375 564 536 602 Damiatae,
550 564 642 595 adhuc
655 565 784 605 ignotam.
802 566 950 597 Praeterea
963 568 1063 608 refiert,
1077 568 1138 599 chri
1149 569 1239 600 ziano-

208 624 274 643 rum
298 612 441 644 machinas
467 625 480 640 ‹
497 613 548 642 vix
567 613 722 653 pulverem
745 614 833 644 turris
858 614 1042 654 concuffiffe,
1060 629 1072 643 ›
1098 618 1132 648 Εἴ
1149 618 1238 649 civem

209 661 393 705 Coloniensem
408 661 570 691 Henricum
585 662 618 691 de
631 661 667 691 H
669 661 776 692 ernothe
785 670 798 686 2
820 663 861 692 ad
879 663 1023 694 machinas
1043 666 1239 704 construendas

208 721 341 750 magnam
351 710 479 750 pecuniae
490 710 550 740 vim
561 710 712 751 contuliffi3
718 711 776 755 fid
783 711 870 752 paulo
881 714 942 751 post
950 720 1090 743 mortuum
1095 714 1197 756 fuiffe.

247 758 327 799 Quae
341 769 425 798 quum
438 759 479 788 ita
485 758 554 800 sint,
574 759 664 789 adhuc
679 761 774 798 restat,
789 767 820 790 ut
833 772 864 790 ex
879 760 919 791 his
933 762 1055 792 omnibus
1069 762 1239 803 colligamus,

209 807 283 846 quod
302 808 377 837 nobis
405 807 642 849 verisimillimum
664 808 718 849 effe
740 809 873 839 videatur
881 821 891 839 .·
912 814 1036 840 auctores
1051 810 1161 854 scilicet
1180 811 1240 852 fios

209 853 235 884 F
236 854 378 894 risonem,
391 856 609 887 Coloniensem
616 856 646 887 δε
655 857 848 895 Rhenanum,
859 869 892 887 ex
899 859 981 898 quibu
975 859 1063 902 sdam
1071 859 1172 889 diariis
1173 859 1239 901 five

209 906 420 943 commentariis,
435 916 497 945 quae
511 906 650 946 referunt,
665 906 795 947 haufiffe,
809 906 860 936 vel
870 906 940 949 ipsos
952 907 981 936 in
996 907 1158 948 expeditione
1171 919 1239 938 cru-

208 951 409 994 cefignatorum
422 954 550 996 versatos
554 954 658 995 fuiffl.
681 954 808 985 Primum
823 956 892 985 enim
903 954 985 985 Emo
997 955 1054 999 ipse
1064 962 1179 993 narrat,
1189 964 1201 987 3
1202 957 1238 1000 se

209 1011 228 1030 a
232 1000 386 1041 familiari
399 1002 516 1041 quodam
531 1001 650 1043 historiae
664 1009 764 1032 textum
779 1004 880 1044 nostrae
894 1004 986 1044 accepi
1013 1015 1035 1034 e.
1055 1003 1155 1045 Quum
1170 1015 1239 1034 vero

207 1047 278 1078 Emo
295 1049 413 1089 claustri
428 1050 745 1092 Praemonstratenstum,
768 1052 841 1091 quod
856 1052 958 1082 dicitur
973 1052 1104 1083 Floridus
1117 1052 1239 1091 Hortus,

209 1098 410 1138 abhasfuerit,
430 1099 464 1128 &³
479 1103 574 1128 auHor
594 1105 680 1129 textus
696 1099 727 1129 de
741 1099 865 1130 navibus
880 1111 899 1130 a
912 1100 1093 1131 Lauwerzee
1110 1101 1239 1142 prffechs

207 1146 241 1176 ἔθ’
253 1145 402 1190 Frisonum
414 1146 492 1176 heroe·
501 1146 611 1187 Popteto
621 1148 713 1177 verba
714 1147 831 1188 jecerit,
843 1159 894 1178 non
905 1149 1024 1179 alienum
1033 1150 1085 1191 effe
1093 1149 1238 1193 censemus,

209 1195 282 1235 quod
291 1193 350 1236 ipse
363 1194 478 1225 clericus
491 1196 524 1225 ἔθ’
539 1195 633 1237 Frgsta
647 1202 722 1225 ortus
737 1195 877 1226 habendus
891 1197 945 1238 effe
959 1198 1101 1228 videatur.
1110 1205 1126 1227 4

250 1241 349 1282 Neque
362 1254 408 1273 nos
421 1254 525 1273 errare
535 1250 678 1284 putamus,
699 1244 822 1282 dicentes,
839 1245 912 1285 pari
924 1245 1000 1275 modo
1014 1253 1116 1276 textum
1131 1246 1238 1277 Anna-

209 1290 285 1322 lium
300 1289 544 1330 Colonienfium,
559 1303 619 1331 quo,
634 1303 695 1332 quae
710 1291 877 1335 Colonienses
891 1293 1081 1334 geffierunt&
1087 1294 1163 1336 paffi
1167 1295 1241 1338 sunt

208 1340 330 1383 insacra
336 1340 500 1380 expeditione
505 1340 610 1370 navali
615 1341 758 1379 constituti,
763 1341 944 1379 continentur,
950 1354 963 1372 e
971 1343 1172 1374 commentariis
1178 1343 1238 1383 qui-

210 1386 328 1430 busdam
338 1388 507 1429 compositum
509 1388 605 1429 fuiffe
617 1390 653 1418 ab
662 1389 755 1429 aliquo
762 1390 912 1430 peregrino
921 1390 972 1420 vel
978 1390 1075 1421 clerico
1083 1390 1238 1433 Coloniensi,

209 1449 297 1478 quem,
307 1437 464 1467 Ulixibonae
472 1437 643 1475 hiemantem,
655 1438 788 1469 Carmen
799 1438 917 1481 Gosuini
924 1439 957 1469 {ff
963 1438 1099 1480 Epistola
1108 1439 1240 1471 Guilelmi

208 1485 309 1517 comitis
321 1497 372 1515 non
388 1485 543 1524 latuerunt,
555 1485 596 1516 ita
611 1493 642 1516 ut
654 1498 686 1516 ex
700 1486 742 1524 iis,
755 1498 816 1526 quae
830 1487 886 1531 ipse
897 1487 1004 1518 viderit
1014 1489 1048 1519 Εἰ
1063 1488 1194 1527 audierit,
1205 1489 1239 1519 &

198 1533 389 1575 fontibusistis
396 1532 588 1564 Colonienfis
597 1535 789 1565 narrationem
798 1535 969 1576 confiribere
974 1536 1103 1576 potuerit.
1110 1536 1238 1568 Ceterum

208 1593 277 1612 vero
302 1580 471 1612 Annalium
497 1581 727 1612 Coloniensmm
752 1588 888 1613 amorem
919 1583 1047 1624 Oliverij
1070 1584 1238 1615 Historiam

210 1629 419 1661 Damiatinam
426 1630 496 1670 sere
509 1630 596 1659 verbo
610 1637 686 1660 tenus
698 1631 879 1674 exscripſsffi,
891 1631 950 1662 iam
964 1633 1095 1663 neminem
1100 1633 1190 1673 fugit.

252 1678 347 1708 Tertio
360 1678 506 1722 censemus,
527 1679 613 1708 textui
625 1679 744 1709 amoris
757 1679 892 1710 Rhenani
906 1686 1016 1720 prater
1032 1680 1159 1721 Oliverij
1169 1682 1238 1712 His-

209 1727 318 1758 toriam
341 1727 456 1771 subff
485 1727 689 1758 commentarios
727 1726 871 1770 cuiusdam
898 1728 1046 1769 peregrini
1078 1729 1114 1759 N
1114 1730 1238 1772 uffiensts.

209 1774 310 1814 Neque
324 1775 553 1815 praetereundum
567 1777 614 1816 est,
633 1775 794 1820 Caesarium
813 1775 1067 1818 Hesserbacensem
1081 1778 1139 1808 iam
1153 1780 1240 1818 nostri

209 1824 330 1854 aueroris
344 1824 509 1854 narratione
521 1824 554 1853 de
572 1825 674 1865 pugnis
687 1824 715 1854 in
732 1823 902 1865 Portugalia
917 1826 1057 1867 commiffis
1071 1827 1151 1870 usum
1165 1827 1238 1868 effi,-

247 1930 258 1947 ι
281 1922 320 1946 De
340 1921 423 1946 sanfio
437 1921 542 1950 Quirino
561 1921 690 1947 conferas:
754 1931 830 1956 quam
844 1923 942 1956 reperiri
957 1923 1064 1957 pofl'unt.

209 1962 273 1987 aaa
285 1962 324 1986 SS.
339 1960 406 1992 Bou„
425 1966 497 1986 mart.
512 1968 555 1993 111,
569 1964 691 1996 811-815‚
791 1970 803 1993 3
819 1964 895 1995 Emo,
908 1971 930 1997 p.
945 1966 1004 1995 478.

210 2000 312 2034 eiusque
328 2000 361 2025 de
378 2000 538 2025 transsatione
554 2010 620 2026 anno
636 2002 691 2027 ML
788 2011 806 2034 4
826 2002 900 2028 Conf.
922 2003 1045 2034 Gelhorn,
1066 2003 1115 2029 Die
1132 2004 1238 2030 Chronik

209 2040 285 2072 fian,
299 2040 553 2074 L6hrer,G2schichte
562 2043 609 2066 der
623 2042 694 2066 Stadt
753 2042 795 2067 des
827 2041 884 2068 Emo
913 2044 967 2068 und
993 2043 1092 2075 Menke,
1129 2045 1238 2078 Danzig,

209 2080 298 2114 Neuss,
315 2083 390 2112 1840,
403 2083 493 2112 44-46·
757 2083 831 2112 1872,
845 2090 868 2115 p.
879 2090 908 2115 45
921 2082 1012 2114 Wind,
1026 2082 1087 2108 Bibl.
1096 2084 1127 2109 de
1135 2084 1236 2110 Nederl.

247 2130 261 2146 ι
282 2120 353 2146 Istius
375 2120 486 2154 personae
511 2119 611 2154 vestigia
635 2120 691 2145 nus·
754 2120 889 2154 Geschied,
905 2125 992 2153 34-36.
