1624 2788
356 287 405 335 64
639 295 689 321 DE
714 294 873 320 rrmERE
897 293 1099 319 FRISONUM.

285 423 343 446 ¹2¹7
357 407 452 444 beate
476 407 621 455 Virginis
647 406 679 442 se
704 405 817 442 vidiffe
841 404 1036 441 testabantur
1062 405 1095 440 in
1120 417 1203 450 aere,
1229 417 1386 465 tanquam

253 790 312 819 Aug.
327 796 336 812 1
341 805 346 810 .

253 1002 313 1029 Aug.
325 1007 347 1023 2.

359 462 413 497 sue
432 460 576 497 vindjfie
600 459 865 508 congratulantis
893 459 962 494 Erat
985 470 1095 494 autem
1113 458 1175 493 hec
1191 459 1303 494 civims
1321 458 1386 494 for—

360 514 484 560 tissima,
516 514 606 549 cuius
623 513 686 548 due
714 525 820 561 partes
838 525 924 560 aqua
943 511 1167 572 cingebantur,
1197 524 1267 547 tota
1291 524 1386 547 muro

360 569 473 604 turrito
491 567 622 612 vallata,
648 565 744 615 spisso
768 567 801 601 in
829 578 967 611 tantum,
993 578 1028 600 ut
1046 567 1079 600 in
1097 567 1164 601 eius
1181 566 1301 602 vertice
1318 565 1387 600 duo

360 620 491 669 possent
507 620 563 656 fibi
581 622 703 669 equites
731 633 908 655 occurrere.
940 620 1012 655 Hec
1040 620 1174 655 vastatio
1199 632 1336 654 omnem
1354 619 1387 654 in

361 687 490 710 tantum
507 675 617 710 terruit
628 675 781 717 vicinam,
800 686 835 708 ut
849 673 974 709 nullus
966 686 999 708 m
1018 673 1077 707 suis
1090 672 1232 720 presidiis
1250 673 1389 720 speraret

361 728 504 763 salutem.

410 782 481 817 Hiis
495 783 606 830 iraque
620 782 768 829 peraffls,
786 781 818 815 in
837 780 890 815 die
903 780 1003 815 saneii
1020 780 1100 815 Petri
1116 779 1159 815 ad
1171 779 1302 815 vincula
1313 791 1389 827 pro-

364 835 529 879 cedentes,
551 836 695 871 civitates
713 836 747 869 &
764 833 890 881 oppida
903 846 1059 868 terrarum
1077 833 1196 868 scilicet
1207 832 1390 878 Odiatiam‚

362 889 547 934 Harmund,
565 889 732 932 Kazalam,
761 888 863 924 Saltus
894 901 1028 935 quoque
1053 889 1087 922 &
1114 890 1257 923 Arenam
1282 887 1390 922 sanste

361 942 477 978 Eulalie
491 955 567 977 cum
580 942 705 990 Hispali
718 954 840 989 magna
850 941 1045 976 transeuntes
1059 940 1101 975 ad
1114 941 1232 985 levam,
1245 941 1391 988 sequenti

362 995 414 1031 die
431 996 547 1031 Roden
571 996 787 1044 pervenimus.
815 995 904 1030 laffis
934 995 1084 1030 anchoris
1110 1006 1227 1029 terram
1250 1006 1391 1042 propere

362 1049 620 1084 conscendimus.
652 1047 825 1084 Conversis
851 1049 884 1083 in
910 1048 1023 1096 fugam
1045 1047 1180 1092 civibus,
1206 1048 1303 1082 nostri
1325 1048 1391 1082 cas-

362 1115 447 1138 trum
476 1102 645 1146 invadunt,
677 1102 784 1150 spoliis
809 1102 933 1137 vastant
956 1103 991 1136 ὅ(
1015 1101 1156 1149 ignibus,
1184 1113 1319 1148 totaque
1338 1101 1390 1136 illa

362 1159 460 1191 nodste
484 1157 517 1191 in
532 1169 572 1191 eo
586 1156 840 1204 permanserunt.
859 1155 955 1190 Mane
974 1155 1062 1189 fafio
1077 1155 1223 1202 plurimis
1236 1154 1279 1190 ad
1293 1167 1392 1191 naves

363 1223 438 1245 cum
456 1208 557 1257 preda
580 1208 718 1254 reversis,
745 1207 939 1255 quibusdam
962 1208 1016 1256 spe
1037 1208 1117 1243 lucri
1137 1221 1196 1256 per
1215 1209 1325 1243 vineas
1342 1208 1392 1243 in-

364 1275 458 1299 caute
476 1261 630 1310 dispersis,
648 1262 814 1298 Sarraceni
826 1261 1034 1297 multitudine
1053 1274 1175 1309 magna
1187 1274 1245 1309 per
1258 1264 1392 1297 nmstem

364 1317 500 1352 colletsta
519 1316 644 1351 nostros
665 1316 858 1351 invaserunt.
877 1316 984 1350 Paucis
1008 1316 1118 1362 itaque
1135 1313 1210 1350 cesis
1227 1316 1389 1362 utrinque,

364 1370 459 1406 miffis
477 1369 519 1405 de
538 1368 673 1405 navibus
691 1369 824 1411 auxiliis,
851 1381 920 1403 tota
938 1368 991 1404 die
1007 1369 1104 1416 pauci
1122 1368 1164 1403 de
1180 1368 1293 1403 nostris
1315 1381 1392 1403 cum

364 1424 472 1458 multis
497 1424 676 1459 Sarracenis
702 1422 946 1466 commiserunt,
974 1422 1018 1456 ita
1035 1433 1070 1456 ut
1086 1422 1183 1469 pauci
1207 1421 1249 1456 de
1266 1421 1391 1466 nostris,

363 1477 466 1512 Mauri
491 1476 623 1525 plurimi
650 1474 788 1511 arcubus
806 1487 1009 1510 morerentur
1025 1476 1059 1510 &
1075 1473 1202 1510 balistis.
1221 1475 1296 1510 Sole
1313 1487 1392 1510 vero

363 1531 429 1565 iam
447 1529 489 1565 ad
507 1530 660 1564 occasum
676 1540 841 1577 vergente,
869 1529 1034 1564 Sarraceni
1058 1528 1171 1563 fortius
1187 1527 1391 1577 conglobati,

365 1582 420 1618 diu
454 1583 613 1619 ventilatis
645 1581 794 1627 consiliis,
833 1582 989 1630 clangore
1020 1580 1154 1616 horrido
1195 1582 1392 1626 intonantes,

364 1636 462 1672 velud
488 1637 591 1684 parati
620 1636 733 1670 omnia
761 1635 891 1670 fortune
917 1635 1134 1679 committere,
1163 1647 1240 1670 cum
1268 1634 1393 1682 impetu

365 1691 492 1725 nostros
519 1688 670 1734 insiliunt,
701 1687 755 1723 sed
783 1688 888 1723 statim
916 1689 948 1723 in
967 1688 1081 1736 fugam
1104 1686 1258 1732 conversi,
1288 1687 1394 1735 turpia

366 1744 438 1791 post
467 1755 596 1791 tergum
627 1742 762 1778 vulnera
793 1742 1016 1790 susceperunt..
1045 1741 1152 1776 Nostri
1186 1742 1284 1789 igitur
1314 1753 1394 1776 tunc

367 1795 502 1831 demum
518 1794 654 1831 navibus
673 1795 703 1830 se
716 1795 934 1842 suscipientes,
954 1786 1117 1829 balistariis
1135 1794 1285 1829 ultimam
1302 1807 1393 1828 man-

368 1848 486 1885 davere
503 1847 694 1883 custodiam.
718 1848 789 1895 Qi
806 1847 933 1895 repulso
951 1846 1188 1882 barbarorum
1180 1859 1304 1894 impetu
1323 1846 1395 1894 post

368 1915 483 1937 omnes
508 1901 644 1938 navibus
670 1902 799 1945 inveffl,
824 1901 965 1948 primam
983 1902 1017 1935 &
1034 1900 1182 1935 ultimam
1210 1911 1396 1935 meruerunt

369 1968 540 1990 coronam.
571 1955 666 1989 Tunc
687 1967 765 1989 vero
787 1955 926 1990 vistores
952 1954 1071 1988 mutuis
1097 1954 1128 1988 se
1155 1951 1303 1988 laudibus
1320 1952 1395 1988 effe-

369 2020 484 2053 rentes,
515 2007 596 2043 dum
626 2008 656 2043 se
687 2007 859 2042 humiliant
882 2007 914 2042 in
945 2006 1104 2050 laudibus,
1134 2007 1167 2041 in
1192 2006 1297 2055 gloria
1323 2006 1396 2054 plus

371 2061 471 2096 crevit
502 2060 704 2095 timidiffimis
727 2058 907 2107 quibusque
936 2059 1072 2094 audacia
1094 2059 1261 2107 loquendi.
1299 2060 1397 2095 Mane

265 2125 358 2154 Aug.4.
373 2114 458 2149 faeta
487 2113 565 2149 feria
590 2113 676 2149 sexta
710 2113 882 2148 stationem
911 2113 1080 2156 solventes,
1118 2125 1232 2147 contra
1260 2112 1396 2147 insulam

373 2166 476 2203 Cadir
500 2179 614 2215 proras
641 2166 826 2210 direximus,
850 2171 1018 2213 ‘portuque
1040 2167 1160 2214 recepti
1176 2166 1210 2200 in
1227 2166 1396 2216 magnani-
