1624 2788
444 500 516 544 DE
554 498 766 543 ITINERE
798 495 1100 542 FRISONUM.

558 595 606 628 [Ex
618 594 724 621 Emonis
735 594 849 621 Chronico
859 595 896 627 (-1
901 603 915 619 2
919 603 931 626 3
936 595 982 627 7).]

162 933 246 964 μηδ’
268 933 346 981 Q(
413 951 423 966 ⁸
442 944 467 975 -''¹
487 941 587 977 NNO
612 939 778 976 dominice
804 941 1034 976 incarnationis
1061 951 1150 986 1217
1176 942 1284 989 ponti-
1298 948 1384 1001 1¹vff¹²¹i73¹

296 1000 298 1007 ¹
314 990 333 1007 ³
432 994 600 1034 ficatus
614 994 731 1029 domni
744 994 884 1038 Honorij
900 1006 985 1041 pape
1000 993 1154 1039 secundo,
1167 995 1283 1030 ultimo
1390 989 1395 994 ¹

327 1076 341 1090 s
374 1049 392 1097 ’ἢ
434 1035 540 1087 Qdie
558 1046 672 1082 meniis
689 1048 777 1092 Maij‚
799 1047 920 1082 natales
938 1046 1016 1081 fines
1033 1049 1067 1081 &
1084 1060 1160 1083 arva
1177 1046 1285 1084 dulcia

319 1103 435 1139 >220st
461 1100 680 1148 linquentes,
707 1100 870 1148 primicias
891 1100 1158 1148 peregrinationis
1178 1102 1283 1138 nostre

257 1150 428 1188 libavimus
443 1154 483 1198 ei,
501 1154 557 1201 qui
569 1166 703 1202 peregre
717 1153 922 1201 proficiscens
935 1154 995 1188 suis
1011 1152 1100 1188 bona
1114 1154 1168 1189 sua
1182 1167 1284 1202 quan-

258 1205 370 1253 doque
386 1218 462 1240 cum
480 1207 578 1242 usuris
596 1218 739 1254 repetere
757 1206 921 1242 distribuit.
948 1207 1003 1242 Per
1019 1206 1158 1242 hostium
1175 1209 1284 1256 itaque

257 1259 370 1294 Lavice
382 1258 523 1295 fluminis
535 1261 569 1295 in
587 1260 687 1295 altum
702 1261 814 1305 emisti,
832 1261 935 1296 ventis
949 1259 991 1295 ufi
1005 1273 1067 1308 pro
1080 1273 1160 1296 voto
1174 1262 1284 1298 secun-

258 1311 318 1357 dis,
344 1311 396 1347 die
414 1314 513 1348 tercio
539 1313 695 1362 Angliam
711 1313 859 1349 vidimus.
888 1313 1000 1362 Quam
1018 1326 1076 1361 pre
1094 1314 1194 1349 oculis
1213 1317 1247 1350 ὅ(
1265 1329 1284 1351 a
1298 1326 1382 1348 1un.z.

258 1364 374 1401 dextn's
398 1365 565 1410 habentes,
595 1366 731 1402 insulam
762 1379 826 1414 que
857 1366 973 1402 dicitur
993 1367 1094 1402 Wich
1124 1369 1283 1414 venimus,

258 1432 322 1466 que
343 1419 426 1454 mari
448 1420 624 1455 excedente
647 1419 747 1455 divisa
770 1418 812 1455 ab
828 1420 948 1468 Anglia
973 1433 1031 1468 per
1053 1420 1084 1455 se
1107 1421 1184 1456 facit
1200 1423 1284 1458 insu-

256 1473 334 1518 lam,
362 1472 418 1508 sed
444 1472 589 1508 debitam
606 1473 726 1522 Anglie
752 1474 854 1509 servat
871 1472 1101 1509 obedientiam.
1132 1475 1285 1522 Sequenti

257 1538 366 1562 autem
384 1525 436 1561 die
453 1525 575 1562 sabbati
592 1526 837 1562 Deutenmutha
854 1527 1070 1575 pervenimus,
1100 1526 1154 1562 ubi
1173 1541 1284 1576 portus
1298 1536 1347 1558 Iun·
1361 1542 1381 1565 3-

257 1580 340 1615 inter
356 1578 439 1615 duos
456 1592 585 1615 montes
602 1580 684 1615 altos
695 1579 822 1615 finuoso
836 1593 898 1615 nos
914 1580 1046 1628 collegit
1056 1581 1217 1628 amplexu,
1230 1581 1285 1617 ubi

258 1631 435 1668 Hollendie
459 1634 617 1668 comitem
638 1635 673 1669 &
694 1634 851 1669 comitem
873 1633 914 1668 de
935 1633 1058 1668 Wetha
1079 1646 1155 1668 cum
1178 1635 1284 1670 multis

257 1687 330 1722 viris
357 1684 520 1721 nobilibus
551 1697 615 1722 112
647 1685 785 1723 navibus
811 1686 966 1723 advestos
995 1688 1187 1723 invenimus
1220 1687 1285 1724 Ubi

257 1738 391 1774 confilio
409 1739 619 1787 prudentiore
635 1740 850 1789 promulgatis
866 1739 993 1789 legibus
1015 1741 1048 1775 in
1066 1742 1205 1776 exercitu
1223 1742 1284 1776 ser-

256 1792 381 1837 vandis‚
399 1792 551 1829 omnibus
569 1807 703 1841 quoque
718 1793 760 1829 ad
777 1794 910 1829 salutem
923 1795 1106 1829 animarum
1118 1796 1153 1830 &
1166 1807 1283 1843 pacem

256 1845 490 1894 pertinentibus
520 1848 578 1882 rite
607 1846 773 1895 dispositis,
802 1860 914 1882 comes
946 1846 987 1882 de
1007 1847 1130 1883 Wetha
1158 1847 1283 1896 predux

257 1899 361 1934 tocius
378 1899 478 1934 claffis
495 1900 539 1935 est
551 1900 681 1946 deeius,
699 1900 874 1948 posteriore
892 1900 1036 1936 custodia
1049 1902 1162 1936 comiti
1175 1908 1184 1924 ¹
1199 1902 1281 1937 Hol-

255 1952 390 1988 landie²
403 1952 568 2001 deputata,
598 1966 697 2001 quem
719 1953 838 1989 ducem
854 1955 888 1989 &
912 1953 1086 1989 dominum
1103 1955 1169 1990 iam
1194 1966 1280 1991 totus

256 2003 313 2040 fibi
329 2004 494 2054 delegerat
511 2007 676 2042 exercitus.
701 2007 764 2042 Die
777 2007 874 2055 igitur
891 2006 1060 2042 dominico
1077 2007 1279 2055 aliquantum
1292 2018 1342 2042 iun.
1351 2025 1374 2048 4.

296 2136 305 2155 x
321 2128 351 2155 A.
365 2126 464 2154 comite.
475 2141 510 2146 -
522 2136 537 2153 2
554 2127 583 2153 A.
597 2126 751 2161 nonandrie,
763 2135 826 2153 corr.
834 2126 1014 2164 suppungendo.
