1624 2788
48 520 238 550 A.f.6ia‚c.2.

47 1753 136 1778 Ans:
150 1754 202 1783 b,e.
217 1761 236 1777 1.

481 248 531 274 DE
557 248 842 274 PREDICACIONE
867 249 892 274 S.
918 249 1058 275 CRUCIS.
1238 249 1276 288 ῖς

252 358 362 407 postea
375 357 480 392 noluit
492 358 652 402 sustinere,
671 357 764 405 quod
777 359 850 393 suus
863 371 945 407 puer
961 358 1196 395 comederetur.
1213 359 1280 395 Rex

251 424 361 447 autem
381 412 463 448 illius
485 425 565 448 terre
588 411 854 448 comminabatur
876 412 1007 448 Heliseo
1029 425 1181 458 mortem,
1204 415 1280 461 quia

252 465 357 500 noluit
382 465 549 513 deprecari
571 459 692 510 Deum,
725 477 759 500 ut
786 466 886 500 fames
905 465 1038 506 ceffaret
1058 467 1098 510 (2
1119 467 1210 515 Reg.‚
1230 477 1279 511 Vl,

254 519 392 567 26-33).
421 519 475 554 Per
500 519 634 554 alteram
656 519 825 554 mulierem
856 518 1050 567 significatur
1079 533 1167 564 caro,
1191 521 1279 555 cuius

251 584 331 619 puer
357 571 549 607 comeditur.
584 573 662 607 Hoc
689 573 742 615 est,
775 585 875 620 opera
903 585 1049 620 pereunt,
1081 573 1198 608 scilicet
1221 587 1279 621 per

251 625 374 673 gulam,
391 625 444 660 vel
456 625 626 668 luxuriam,
643 626 695 660 vel
708 625 796 660 aliud
810 638 982 673 peccatum
1000 627 1120 671 carnis3
1138 640 1195 674 per
1207 628 1278 662 reli-

251 691 351 725 quam
378 679 548 714 mulierem
570 678 766 727 significatur
788 678 931 726 quelibet
951 679 1053 714 fidelis
1070 681 1190 725 anima,
1215 693 1278 728 que

252 744 320 766 non
341 732 410 767 vult
433 732 592 776 sustinere,
621 731 712 779 quod
734 733 805 767 suus
827 745 908 779 puer
929 732 1112 778 devoretur,
1138 733 1204 768 hoc
1224 734 1278 779 est,

251 784 343 831 quod
370 785 424 820 sua
452 797 553 833 opera
592 798 725 833 pereant
756 797 891 833 propter
924 785 1053 821 delicias
1082 788 1195 822 carnis.
1224 788 1278 822 Per

251 837 428 883 Helyseum
445 837 640 886 fignificatur
657 838 810 874 Christus.

300 893 395 927 Item:
412 892 545 939 Triplex
562 892 606 926 est
618 893 729 927 mensa
743 893 889 940 corporis
909 905 967 939 per
979 891 1070 927 cibos
1088 894 1206 938 anime,
1220 907 1278 942 per

250 944 451 979 sacramenta
465 946 627 992 utriusque
640 946 673 979 in
688 945 772 990 celo,
786 945 842 980 ubi
855 945 959 980 nullus
974 946 1017 980 est
1027 946 1181 982 defeetus.
1195 947 1277 982 Refi-

249 998 375 1032 ciantur
395 998 494 1046 igitur
515 999 548 1032 in
573 998 639 1032 hoc
666 998 772 1033 seculo
795 1011 862 1033 tam
889 998 978 1043 cibis,
1005 998 1117 1046 quoad
1148 991 1277 1049 corpus?

249 1063 349 1097 quam
365 1052 580 1096 sacramentis,
600 1051 710 1099 quoad
729 1053 884 1097 animam,
900 1052 1077 1087 secundum
1092 1052 1276 1089 doetrinam

249 1105 312 1139 Dei
335 1116 370 1139 ut
387 1104 567 1139 reficiamur
584 1103 628 1139 ad
650 1105 796 1139 mensam
813 1105 961 1140 celestem
983 1106 1017 1140 in
1035 1117 1183 1141 eternum
1200 1120 1277 1142 cum

248 1158 352 1206 gloria
369 1157 584 1193 indeficiente.

300 1214 391 1246 Item:
410 1211 490 1260 Eget
506 1210 595 1247 dives
613 1212 645 1246 in
665 1212 826 1259 principio
845 1211 962 1256 morbi,
981 1214 1141 1259 quoniam
1155 1215 1278 1250 recusat

249 1263 426 1309 medicum,
453 1264 533 1299 dum
555 1265 658 1300 curari
680 1266 795 1312 potest,
826 1266 860 1300 &
883 1265 998 1310 differt,
1026 1265 1145 1310 donec,
1167 1267 1276 1315 super-

249 1319 399 1353 veniente
421 1329 537 1362 morte,
565 1319 667 1352 curari
687 1331 754 1353 non
773 1319 888 1365 potest,
910 1320 944 1353 &
962 1331 1039 1353 tunc
1058 1320 1177 1354 recusat
1200 1333 1276 1355 eum

250 1370 411 1415 medicus;
421 1369 462 1405 fic
472 1371 516 1405 est
525 1370 566 1406 de
576 1383 759 1418 peccatore,
774 1372 830 1418 qui
839 1372 979 1418 sequitur
989 1385 1131 1408 carnem.
1147 1373 1276 1420 Respuit

249 1425 337 1460 enim
355 1423 554 1458 medicinam
571 1425 646 1469 Dei,
665 1423 799 1471 quando
816 1426 905 1459 Deus
923 1425 953 1459 se
971 1424 1066 1460 offert
1083 1426 1112 1460 ei
1130 1428 1164 1461 δε
1179 1439 1276 1462 vocat

249 1491 324 1513 eum
338 1476 380 1512 ad
395 1478 563 1512 servicium
576 1478 677 1522 suum,
694 1479 727 1512 ὅ(
738 1477 844 1513 differt
857 1491 1020 1526 peccator,
1036 1478 1156 1523 donec,
1170 1492 1276 1515 morte

249 1530 509 1579 superveniente,
539 1531 648 1566 veniat
677 1530 849 1575 iudicium,
879 1533 913 1566 ὅ(
944 1543 1022 1567 tunc
1053 1533 1171 1580 respuit
1200 1546 1276 1568 eum

249 1583 422 1618 Dominus.

297 1638 389 1672 Item:
411 1637 575 1685 Sanguine
598 1638 716 1673 Christi
735 1637 927 1673 calefiebant
943 1639 1026 1675 clavi
1048 1639 1080 1674 in
1099 1652 1208 1684 cruce3
1234 1638 1276 1675 fic

250 1688 371 1724 debent
380 1703 570 1737 peccatores
583 1690 720 1726 accendi
732 1692 764 1726 in
777 1693 909 1727 caritate
923 1692 965 1727 ad
979 1693 1148 1728 servicium
1157 1693 1276 1728 Christi

249 1755 307 1790 per
324 1743 514 1791 sanguinem
527 1744 653 1780 Christi.
672 1745 726 1779 Per
743 1745 854 1780 clavos
867 1746 955 1780 enim
968 1744 1185 1794 significantur
1196 1759 1274 1794 pec-

249 1808 374 1831 catores
396 1797 530 1832 racione
553 1797 735 1846 frigiditatis
752 1800 786 1833 &
803 1797 946 1843 duriciei,
977 1800 1012 1834 &
1038 1812 1095 1846 per
1121 1799 1275 1835 malleum

248 1848 392 1897 infigitur
413 1849 521 1884 clavus
551 1850 585 1884 in
607 1863 716 1895 cruce3
742 1850 783 1886 fic
803 1864 862 1899 per
883 1851 1159 1899 ponderositatem
1177 1853 1274 1901 culpe

249 1901 429 1950 inpingitur
446 1915 603 1950 peccator
617 1904 651 1938 in
669 1905 847 1939 cruciatum
864 1918 949 1952 pene
966 1905 1166 1953 gehennalis.

297 1957 388 1990 Item:
410 1958 441 1990 In
458 1956 632 2004 Evangelio
650 1957 778 2005 legitur,
796 1957 888 2004 quod
906 1957 1041 2005 quidam
1058 1960 1150 2006 porci
1167 1960 1274 1995 vexati

249 2021 340 2043 erant
358 2022 376 2043 a
395 2008 591 2044 demonibus
609 2011 643 2044 &
656 2009 828 2046 currebant
843 2012 877 2045 in
897 2024 985 2046 mare
1002 2012 1105 2057 (Luc.‚
1118 2022 1196 2058 vm,
1210 2013 1271 2049 26-

249 2061 327 2109 36);
341 2060 382 2096 fic
392 2062 436 2096 est
449 2061 490 2097 de
501 2061 696 2109 quibusdam
704 2062 903 2109 hominibus,
918 2065 972 2111 qui
986 2064 1027 2099 fic
1036 2066 1149 2101 vivunt
1162 2066 1272 2101 secun-

247 2112 328 2149 dum
344 2126 477 2150 carnem
498 2127 557 2163 per
578 2114 760 2151 demonum
776 2117 1028 2166 suggestionem,
1050 2117 1141 2166 quod
1159 2119 1274 2156 vivunt
