1624 2788
579 260 800 290 PRAEFATIO.
1113 253 1206 290 meix

183 370 376 415 Tuscanorum
389 370 536 411 ignaviam
551 371 716 413 acerbifflme
738 372 885 413 vituperet.
902 372 995 413 Quod
1001 372 1034 414 st
1054 372 1205 416 verisimile

173 419 224 462 stt,
239 425 377 451 cultorem
391 419 504 460 equitem
516 419 604 462 fuiffe
624 421 686 460 regi
702 420 753 451 vel
770 420 855 452 alicui
868 422 1003 452 baronum
1017 421 1205 462 familiarem,

179 468 288 498 minime
299 469 457 509 putandum
469 469 514 510 est,
525 469 669 510 eumsonte
679 469 770 509 aliquo
779 469 865 500 latino
869 470 1000 513 sermone
1001 470 1110 514 scripto
1124 471 1203 515 usum

169 515 274 558 [ιιι-βε,
295 517 348 558 sed
366 516 401 546 P.
415 516 546 557 Meyero,
566 518 758 557 grammatica
778 519 900 558 quadam
921 519 1027 549 ratione
1041 518 1098 562 uso,
1111 526 1120 543 ¹
1141 530 1204 549 con—

172 565 330 609 senu'entes,
346 565 574 607 verisimillimum
592 566 646 607 ‘ff
657 564 802 608 censemus,
816 567 901 596 textui
914 568 1003 607 nostro
1015 567 1123 609 subeſje
1130 567 1204 608 fon-

178 620 241 652 tem,
265 614 301 645 ab
326 614 412 653 equite
434 614 550 654 quodam
565 613 675 654 gallico
686 615 817 655 sermone
828 615 980 658 scriptum,
1005 626 1082 655 quem
1102 622 1203 646 textum

178 673 198 693 a
208 662 358 703 peregrino
368 662 485 703 quodam
496 662 678 702 provinciali,
683 662 810 704 fortaffi
824 661 947 700 clerico,
961 663 989 692 in
1000 663 1203 702 provincialem

178 709 302 749 linguam
323 711 448 755 versum,
472 722 491 741 a
512 721 563 751 quo
584 710 713 754 clausula
728 710 827 753 supra
851 711 972 742 laudata
996 711 1128 743 adiuncta
1151 713 1204 754 effi

179 758 322 790 videatur.

219 806 284 838 Hoc
297 809 454 849 verosonte
464 807 627 848 principali,
641 806 750 847 gallico
757 807 887 849 sermone
892 806 1011 849 scripto,
1031 818 1093 846 quae
1114 807 1204 852 chris-

177 855 250 886 tiani
262 855 349 899 usque
364 858 405 888 ad
415 869 437 888 v
451 857 520 887 diem
526 856 715 897 februarium
734 855 896 886 MCCXX
913 856 1066 897 gefferunt,
1085 857 1203 887 contine-

179 904 293 943 bantur,
314 916 398 945 neque
422 912 513 936 tamen
538 904 718 944 chronologico
742 904 836 934 ordine
855 902 994 946 distmstta,
1010 904 1057 943 qui
1073 904 1101 933 in
1124 904 1203 945 frag-

178 960 283 983 mento
296 953 355 997 ipso
365 953 452 994 plane
466 953 632 993 negbgatur.
647 953 737 992 Eques
757 953 854 991 noster,
868 962 1043 992 quaecumque
1058 964 1089 982 ex
1103 953 1203 985 diariis

174 1002 397 1044 peregrinorum,
419 1003 581 1034 clericorum
604 1004 638 1033 ἐϋ
653 1002 770 1042 equitum
794 1013 937 1041 congerere
958 1009 1071 1042 poterat
1091 1003 1125 1033 ὅ
1147 1003 1204 1045 ipse

177 1051 333 1082 audiverat
345 1051 396 1082 vel
404 1052 529 1089 viderat,
543 1050 707 1094 conscripsit,
722 1061 804 1090 neque
818 1051 851 1088 ei,
865 1057 950 1080 morte
963 1050 1015 1081 vel
1023 1050 1114 1091 aliquo
1128 1050 1204 1080 modo

176 1099 313 1140 impedita,
328 1099 399 1130 hanc
419 1100 567 1130 materiam
589 1099 687 1129 rudem
712 1099 745 1129 ἔθ’
758 1099 918 1140 indigestam
931 1098 960 1128 in
986 1099 1107 1128 ordinem
1128 1098 1203 1128 redi-

173 1159 242 1189 gere
255 1147 342 1178 licuit.
356 1148 386 1179 Si
395 1159 464 1179 vero
475 1147 528 1178 hac
538 1148 567 1178 in
577 1158 608 1177 re
619 1158 670 1177 non
682 1147 854 1185 erravimus,
865 1159 896 1177 ex
911 1158 938 1177 eo
952 1147 1025 1186 quod
1037 1158 1055 1177 a
1060 1147 1202 1189 scriptore

177 1195 276 1226 horum
290 1197 547 1227 commentariorum
562 1195 705 1233 nonnulla,
719 1206 781 1234 quae
794 1194 911 1233 Ernoul,
931 1194 950 1224 I
951 1194 1067 1225 ohannes
1080 1195 1112 1225 de
1131 1193 1201 1224 Tul-

179 1244 225 1275 bia
239 1245 273 1275 fid
288 1244 436 1275 Oliverius
451 1245 588 1285 referunt,
608 1244 701 1287 iisdem
706 1243 777 1284 fere
791 1243 885 1274 verbis
900 1249 1070 1283 repetuntur,
1084 1242 1202 1283 intelligi

173 1294 267 1333 potes,
290 1292 361 1323 hunc
375 1293 487 1332 equitem
498 1303 598 1332 genere
615 1293 648 1322 ὅ
664 1291 811 1322 alacritate
825 1292 854 1321 in
875 1298 925 1321 toto
944 1292 1062 1321 exercitu
1075 1291 1203 1333 fortaffi

177 1341 348 1385 conspicuum
361 1342 395 1372 &
409 1341 530 1371 omnihus
545 1339 722 1380 placabilem,
746 1339 865 1370 maximo
874 1339 970 1380 studio
984 1340 1100 1379 undique
1114 1346 1202 1371 mate-

176 1389 252 1420 riam
268 1388 358 1432 suam
383 1389 522 1430 petiviffi‚
545 1389 579 1419 {5⁹
601 1387 757 1418 liberaliter
781 1388 925 1429 accepiſje3
954 1387 1034 1417 multi
1058 1387 1126 1417 enim
1151 1387 1203 1427 alij

169 1437 333 1481 scriptores,
357 1448 419 1477 quae
447 1437 510 1467 aliis
530 1437 626 1467 debent
645 1437 811 1475 auctoribus,
835 1436 931 1479 eisdem
950 1436 1043 1467 verbis
1067 1442 1203 1476 repetunt,

176 1484 250 1516 nihil
261 1486 330 1516 novi
339 1486 467 1516 addentes
474 1500 487 1520 ,·
498 1485 684 1526 plurimaeque
699 1484 753 1524 epis
761 1484 814 1514 'olae
822 1484 854 1514 de
862 1484 954 1514 eadem
969 1495 1010 1522 re,
1020 1502 1059 1505 —
1070 1490 1102 1514 ut
1113 1495 1202 1514 exem-

174 1533 253 1574 plum
267 1533 435 1574 affiramus,
443 1534 476 1564 de
493 1533 643 1563 Ulixibona
650 1531 696 1562 M
695 1531 755 1562 CX
753 1531 779 1562 L
786 1531 816 1563 V
814 1532 831 1562 J
832 1531 850 1561 I
860 1538 966 1572 capta,²
975 1549 1013 1553 --
1020 1532 1092 1561 inter
1091 1531 1127 1575 se
1135 1531 1207 1562 nihil

178 1581 318 1622 diffirunt
329 1582 380 1624 nisi
389 1582 573 1626 inscriptione.

217 1629 247 1660 Si
260 1630 319 1671 quis
333 1641 402 1661 vero
415 1637 539 1670 quaerat,
553 1641 669 1670 quorum
687 1629 847 1670 insontium
867 1628 970 1666 ordine,
982 1627 1123 1668 =Quintum
1147 1627 1203 1658 bel-

178 1677 236 1709 lum
239 1678 362 1722 sacrum
366 1678 564 1722 spectantium,
578 1678 797 1719 Fragmentum
808 1677 928 1719 nostrum
936 1676 1090 1716 ponendum
1092 1674 1142 1717 stt,
1156 1675 1203 1706 hoc

178 1726 232 1757 loco
256 1727 538 1757 animadvertendum
563 1727 615 1769 effi
633 1733 776 1767 putamus,
785 1725 880 1766 fontes
900 1723 1069 1765 principales
1087 1723 1116 1753 in
1136 1724 1202 1755 duos

175 1775 282 1805 ordines
294 1775 390 1806 dividi
402 1776 502 1818 neceffi
517 1775 579 1817 effe,
594 1781 680 1815 utpote
694 1773 763 1804 enim
780 1773 856 1804 vela
866 1772 993 1810 clericis,
1006 1771 1057 1802 vel
1068 1772 1104 1802 ab
1114 1774 1202 1813 equi-

179 1822 259 1854 tibus
274 1823 419 1867 conscripti
426 1823 495 1866 stnt.

219 1871 332 1902 Priores
365 1882 559 1902 enumeramus
592 1882 641 1909 eos,
677 1870 724 1910 qui
751 1870 780 1900 in
809 1870 942 1911 praetorio
965 1870 1081 1901 domini
1112 1869 1201 1910 legati

175 1919 258 1962 ipfius
271 1920 395 1961 confee'h,
409 1931 472 1960 quae
485 1919 527 1951 hic
540 1919 612 1950 dixit
622 1920 656 1950 ΕΞ
671 1919 732 1960 egit,
745 1920 778 1950 ἔθ’
796 1919 940 1959 peregrini
959 1918 1042 1949 latini
1050 1919 1204 1961 geffitrunt,

215 2035 224 2052 ι
249 2026 311 2053 Bibt.
331 2027 362 2052 dc
381 2026 468 2052 [stole
486 2027 529 2052 des
546 2027 659 2057 Charus,
720 2035 773 2052 von
793 2025 907 2058 Liffabon,
932 2033 1008 2057 ¹147,
1028 2025 1111 2056 Hane,
1136 2027 1199 2056 1875

178 2069 254 2099 1877,
265 2075 290 2101 p.
308 2075 366 2100 509.
721 2066 792 2099 (Dgff
807 2065 916 2099 inaug),
929 2074 952 2099 p.
967 2074 992 2096 4.

211 2116 227 2132 2
245 2106 331 2132 Ulrich
340 2106 450 2138 Cosack,
463 2105 509 2131 Die
516 2105 659 2139 Eruberung
