1624 2788
16 414 20 420 ·
10 166 46 390 magog-:³

53 1061 92 1085 sol.
107 1062 149 1092 183
162 1070 181 1084 a.

477 207 515 234 m
536 207 735 233 osslmom:
752 207 950 233 DAMIATE.
1158 194 1223 234 165

197 328 320 359 ventas,
338 316 556 350 communiter
572 315 615 351 ad
627 316 802 351 exercitum
817 314 1028 352 decreverunt
1040 316 1112 352 fore
1126 316 1226 352 distri·
1237 334 1297 358 1219

197 367 354 413 buendas,
371 368 426 404 sed
441 368 507 404 hoc
523 381 594 403 non
614 369 658 404 est
674 369 890 417 completum,
908 368 986 404 ficut
999 371 1221 417 promiserant.

198 421 290 456 Multi
301 434 411 457 autem
424 423 543 456 mortui
555 423 590 456 in
603 423 732 457 civitate
747 434 848 465 erant,
865 423 900 457 &
917 422 1010 457 multi
1027 435 1085 470 per
1102 422 1222 459 domos

197 475 232 509 δε
251 488 310 523 per
335 475 424 510 vicos
450 476 484 510 &
505 487 563 522 per
579 475 702 522 plateas
720 475 869 522 insepulti
894 474 1053 519 iacebant,
1080 475 1223 524 ideoque

197 526 416 563 intollerabilis
440 529 474 562 in
499 528 627 564 civitate
652 528 736 563 fetor
755 542 830 564 erat.
857 529 908 564 De
926 530 1097 578 oc‘loginta
1114 541 1224 564 autem

198 592 352 627 quattuor
382 579 532 625 millibus,
561 593 644 628 quos
675 580 719 616 ibi
749 582 920 629 reliquerat
950 582 1114 626 soldanus,
1154 595 1223 617 non

197 646 288 669 erant
304 634 368 670 vivi
382 633 438 669 nisi
456 634 600 681 quinque
618 635 708 669 milia
725 635 899 679 Sarraceni,
920 636 987 670 fere
1004 648 1113 670 autem
1135 637 1223 672 mille

198 687 414 722 remanserant
443 687 604 734 insepulti,
631 687 747 735 quibus
776 688 866 722 locus
896 688 1006 724 deerat
1033 689 1220 736 sepeliendi.

197 741 334 788 Signum
351 753 428 775 vero
450 741 558 775 sanfie
578 741 703 784 Crucis,
729 754 830 788 quam
849 742 1042 777 multociens
1070 743 1221 787 fecerant,

198 806 310 828 coram
327 793 428 828 oculis
446 793 559 828 nostris
584 795 618 828 &
641 793 884 842 flagellaverant
904 797 939 830 ὅ(
965 794 1223 842 combusserant3

197 846 340 882 Christus
366 846 464 881 talem
498 846 540 882 ab
565 848 610 882 eis
636 849 765 895 accepit
788 847 978 892 vindidlam,
1011 848 1104 895 quod
1130 849 1223 884 multi

197 910 311 932 eorum
331 898 451 934 morbo
469 900 588 934 canino
609 901 727 935 mortui
747 901 828 945 sunt,
855 903 889 936 ὅ(
906 901 957 945 alij
975 901 1136 949 languore
1153 915 1223 937 ma-

196 952 305 995 cerati,
321 951 374 997 alij
393 965 520 1000 guttam
538 953 626 1001 paffi,
652 954 704 997 alij
722 953 816 988 occisi
841 955 1014 1001 perierunt,
1042 956 1076 989 ὃς
1094 955 1139 989 ita
1156 956 1223 989 Da·

196 1005 295 1040 miata
312 1005 397 1040 fausta
414 1006 458 1040 est
475 1006 595 1042 Christi
612 1006 767 1054 discipula
792 1007 855 1042 fine
873 1008 1037 1055 sanguinis
1055 1007 1220 1051 effusione,

196 1069 260 1104 que
278 1058 393 1093 fortior
415 1060 514 1094 totius
533 1059 647 1094 mundi
666 1061 769 1107 potest
788 1060 952 1108 appellari.
980 1061 1094 1096 Nullus
1113 1074 1222 1096 autem

195 1111 355 1158 princepS,
381 1125 443 1146 nec
464 1113 575 1157 cliens,
599 1127 659 1148 nec
681 1114 771 1148 miles
795 1114 899 1161 potest
925 1115 977 1149 vel
995 1114 1093 1149 debet
1117 1114 1158 1150 de
1181 1128 1221 1150 eo

194 1163 337 1212 gloriari,
363 1163 420 1199 nisi
447 1178 556 1201 tamen
575 1167 675 1211 Deus,
702 1167 757 1213 qui
783 1167 908 1214 semper
934 1167 978 1202 est
1001 1166 1171 1202 laudabilis
1187 1169 1221 1202 in

195 1217 300 1252 secula
315 1217 507 1254 seculorum.
527 1221 645 1255 Amen.

245 1272 352 1317 ltaque
365 1270 565 1306 Christianus
580 1273 735 1308 exercitus
752 1284 828 1307 ante
840 1273 1040 1318 Damiatam,
1058 1274 1091 1308 in
1108 1272 1221 1308 medio

195 1335 276 1358 terre
294 1324 543 1360 Sarracenorum
566 1324 745 1369 conditam,
771 1324 852 1360 sedit
867 1339 992 1360 annum
1009 1327 1171 1375 integrum
1188 1329 1221 1362 &

194 1377 318 1412 menses
348 1378 493 1424 quinque
523 1380 557 1413 &
583 1378 806 1413 ebdomadam
836 1392 937 1414 unam
966 1381 1001 1414 ὅ(
1029 1379 1098 1414 dies
1127 1379 1222 1425 duos,

196 1441 373 1476 antequam
403 1443 476 1465 eam
505 1430 670 1467 haberent.
700 1431 873 1467 Christiani
901 1444 1011 1467 autem
1041 1432 1222 1468 habuerunt

194 1495 267 1516 eam
285 1494 433 1530 tempore
451 1484 605 1529 Honorij,
624 1484 788 1532 pontificis
806 1485 933 1531 summi,
952 1487 986 1520 &
999 1485 1144 1521 friderici
1161 1487 1222 1521 im-

193 1536 360 1582 peratoris,
378 1536 533 1584 fungente
551 1536 606 1572 sub
625 1537 745 1572 eodem
760 1550 908 1585 tempore
925 1540 958 1573 in
977 1538 1097 1574 eodem
1110 1540 1219 1575 Chris-

194 1589 358 1623 tianorum
383 1591 520 1624 exercitu
540 1590 667 1638 Pelagio
687 1590 842 1626 cardinali
868 1605 947 1639 aput
963 1592 1114 1640 Egiptum
1131 1593 1219 1641 lega-

194 1641 336 1685 cionem,
363 1655 519 1690 regnante
547 1643 688 1678 Iohanne
714 1645 840 1689 Accon‚
872 1658 975 1680 nonas
1010 1645 1218 1690 Novembris,
1233 1657 1292 1679 Nov.
1305 1664 1326 1687 5.

194 1706 350 1742 regnante
365 1695 513 1730 Domino
531 1696 640 1731 nostro
659 1697 745 1732 lhesu
764 1698 905 1743 Christo,
923 1700 1066 1746 quicum
1084 1700 1172 1734 Patre
1185 1701 1220 1734 δε

193 1748 310 1795 Spiritu
328 1748 447 1782 saneto
474 1749 553 1784 vivit
575 1751 610 1784 &
629 1763 743 1798 regnat
772 1752 860 1786 Deus
889 1765 948 1800 per
975 1753 1088 1787 omnia
1115 1753 1219 1788 secula

194 1801 386 1836 seculorum.
410 1802 526 1836 Amen.

241 1854 293 1888 De
310 1866 418 1888 cetero
436 1855 636 1890 coherentias
652 1858 814 1900 Damiace,
845 1859 930 1893 circa
949 1871 1050 1906 quam
1068 1859 1219 1894 Christia-

194 1919 311 1941 norum
328 1920 531 1956 pugnaverat
551 1911 716 1953 exercitus,
751 1910 843 1946 vobis
870 1911 1008 1947 breviter
1034 1912 1218 1960 pandimus.

195 1962 228 1995 ln
245 1960 378 1994 circuitu
404 1962 539 1996 civitatis
557 1963 671 2011 viginti
691 1977 813 1999 novem
839 1965 910 1999 sunt
931 1978 1030 2000 turres
1049 1978 1169 2014 magne
1186 1968 1220 2001 δε

194 2013 327 2057 munite,
357 2013 452 2049 valde
479 2016 699 2062 prominentes
730 2017 864 2065 quidem
889 2030 976 2053 extra
1000 2032 1140 2065 murum,
1164 2019 1219 2055 sed

194 2076 302 2101 tamen
320 2065 428 2103 eidem
446 2067 646 2114 coherentes,
674 2071 757 2106 intra
775 2083 914 2120 quarum
932 2072 1081 2107 omnium
1098 2071 1219 2108 medie-
