1624 2788
395 212 458 249 162
675 223 786 249 LIBER
809 224 961 250 DUELLn
985 224 1209 251 CHRISTIANI

277 322 371 376 Νοῖῗιξ.
385 347 490 370 nonas
509 333 716 379 Novembris,
735 334 843 370 media
862 337 960 370 noste
979 336 1109 385 Pagani,
1136 336 1221 371 clam
1238 338 1416 384 venientes,

385 389 525 425 excubiis
544 388 792 433 dormientibus,
806 390 896 425 letias
917 390 1040 425 nostras
1054 390 1118 426 fine
1136 390 1302 427 obstaculo
1318 392 1416 427 intra-

383 455 500 477 verunt
512 443 881 490 appropinquantesque
894 445 1050 489 tentoriis,
1063 445 1178 480 mulier
1189 444 1343 492 quedam,
1358 458 1415 481 eos

384 496 521 531 sentiens
539 509 577 530 ac
595 496 742 544 Paganos
765 495 840 541 effe,
862 498 1078 545 cognoscens,
1106 497 1240 546 egressa,
1264 499 1416 535 clamavit

384 549 449 584 alta
467 562 550 584 voce
570 548 696 584 dicens:
719 553 842 597 Pagani
859 554 1042 586 intraverunt
1065 555 1234 587 civitatem!
1260 552 1415 588 Exeuntes

383 615 494 637 autem
518 602 701 648 Christiani,
727 616 794 638 tam
815 604 928 649 vestiti,
948 617 1049 651 quam
1074 605 1164 651 nudi,
1190 618 1416 641 necsmortem

384 669 445 703 pro
462 655 579 691 Christi
593 657 740 699 nomine,
761 670 822 692 nec
839 658 944 692 iacula
963 658 1188 703 formidantes,
1209 672 1268 707 per
1286 658 1415 707 gladios

382 721 541 744 venerunt
558 708 600 743 ad
618 722 686 744 eos.
709 709 887 745 Audientes
913 724 1022 746 autem
1041 713 1200 760 templarii
1218 714 1253 747 &
1271 713 1414 761 hospita-

382 763 462 808 larij,
489 776 592 810 quum
611 762 652 797 ad
671 775 727 797 eos
745 763 924 808 intrassent,
949 778 1159 802 occurrerunt
1178 768 1229 802 eis.
1251 768 1416 803 Sarraceni

381 828 502 859 autem,
521 814 738 851 exorbitantes
755 816 797 851 de
819 818 881 862 via,
905 819 938 853 in
961 819 1035 854 loca
1048 821 1172 867 aquosa
1185 833 1413 867 pervenerunt,

380 868 491 915 ibique
509 868 604 903 occisi
623 869 752 905 fuerunt
766 870 945 906 ducenti&
959 873 1115 920 quinque,
1133 875 1167 908 ὅ(
1180 875 1268 922 capti
1286 875 1416 910 fuerunt

380 923 556 970 sexaginta,
569 924 602 956 ὃ(
616 922 747 957 ducenti
764 923 918 959 undecim
927 926 1092 961 civitatem
1106 927 1316 972 intraverunt,
1330 941 1414 975 quos

381 976 478 1010 etiam
493 975 642 1011 mulieres
656 976 858 1022 occiderunt,
875 979 910 1012 &
923 991 985 1025 que
1001 979 1080 1014 mihi
1094 980 1280 1026 retulerunt,
1298 981 1414 1017 decem

381 1030 424 1063 eis
443 1029 644 1064 occiderunt.
663 1030 714 1064 Sic
733 1030 876 1065 Christus
893 1044 953 1065 nos
971 1031 1102 1068 adiuvit.
1121 1034 1215 1068 Tunc
1229 1034 1413 1079 Christiani,

379 1082 544 1117 mittentes
571 1084 679 1130 capita
700 1084 946 1119 interfeetorum
972 1084 1014 1120 ad
1040 1084 1214 1122 soldanum
1239 1088 1413 1135 prolicien-

379 1135 490 1182 tesque
508 1148 649 1183 corpora
667 1149 783 1171 eorum
796 1150 872 1172 ante
886 1151 996 1173 muros
1015 1140 1151 1174 civitatis
1165 1140 1414 1188 respuentesque

380 1190 524 1235 paflum,
538 1202 695 1236 ceperunt
708 1202 842 1238 gentem
851 1191 995 1227 dividere
1003 1205 1066 1240 pro
1079 1193 1213 1228 stabula.
1231 1194 1291 1229 Illis
1303 1206 1414 1230 autem

381 1242 414 1276 in
434 1241 632 1277 adiutorium
651 1256 720 1278 non
737 1256 896 1280 venerunt
915 1244 971 1280 nist
989 1247 1094 1293 pauci.

684 1351 828 1397 Qaliter
845 1365 931 1399 capta
940 1355 1010 1397 fuit
1027 1355 1106 1387 urbs.

271 1456 364 1486 ΝΟ’·5’
428 1457 574 1492 le-LV.
604 1459 682 1491 Item
708 1457 742 1491 in
759 1470 864 1492 nonas
889 1457 1097 1503 Novembris,
1122 1457 1157 1493 id
1185 1458 1229 1493 est
1247 1459 1282 1493 in
1303 1458 1414 1506 vigilia

379 1511 487 1546 Sancii
505 1509 677 1554 Leonardi‚
705 1511 738 1545 in
756 1511 865 1546 media
883 1513 992 1556 no6le,
1018 1513 1051 1547 in
1078 1524 1143 1559 qua
1169 1511 1250 1547 hora
1269 1511 1413 1547 Christus

378 1565 544 1599 infernum
569 1564 768 1611 exspoliavit,
795 1564 968 1600 Christiani
993 1564 1112 1600 scalam
1135 1565 1313 1612 posuerunt
1329 1563 1412 1600 iuffu
1426 1573 1442 1598 f.
1456 1576 1500 1599 182
1510 1583 1530 1598 a.

378 1617 476 1665 legati
493 1619 527 1652 δε
545 1620 628 1667 regis
657 1619 750 1666 supra
773 1631 904 1653 murum
929 1619 1065 1653 civitatis
1087 1619 1249 1654 Damiate.
1270 1619 1413 1654 Descen-

380 1670 531 1706 dentibus
550 1684 660 1707 autem
678 1672 750 1717 illis,
770 1672 854 1707 scala
873 1673 974 1707 fracia
991 1672 1047 1715 est,
1066 1673 1101 1706 &
1118 1672 1264 1719 quinque
1278 1671 1320 1707 de
1337 1672 1411 1707 nos-

378 1725 432 1760 tris
450 1726 533 1759 intra
562 1725 785 1760 remanserunt
802 1725 1018 1760 exclamantes
1037 1725 1178 1761 fortiter:
1205 1727 1333 1760 adiuva
1357 1739 1412 1760 nos

379 1781 464 1812 ‘Deus
486 1781 521 1813 ob
539 1782 679 1813 honorem
697 1781 720 1813 S
722 1782 805 1814 anae
824 1780 956 1814 Crucis!
976 1778 1084 1813 Nostri
1100 1791 1221 1824 autem,
1239 1778 1336 1814 aliam
1353 1778 1413 1813 ad-

378 1831 532 1866 ducentes
547 1832 678 1876 scalam,
697 1831 934 1867 descenderunt
951 1833 1140 1867 catervatim
1158 1831 1200 1867 ad
1218 1830 1412 1879 obsequium

378 1884 541 1920 Crucifixi.
561 1885 770 1933 Hospitalarij
789 1898 899 1921 autem
916 1886 950 1920 δε
977 1885 1150 1933 templarij‚
1170 1898 1209 1920 ex
1229 1884 1293 1919 alia
1317 1897 1412 1932 parte

377 1938 542 1973 venientes
566 1939 600 1973 &
626 1937 781 1973 foffatum
802 1940 970 1983 intrantes,
995 1939 1106 1986 gracia
1128 1939 1191 1973 Dei
1214 1938 1411 1985 posterulam

375 1991 569 2026 invenerunt
610 2004 759 2039 apertam
796 1992 1016 2039 intrantesque
1049 2004 1150 2027 turres
1187 1990 1411 2027 ascenderunt.

376 2044 494 2091 Pagani
513 2057 591 2079 vero
608 2045 705 2092 pauci
719 2056 809 2079 erant
826 2044 869 2080 ad
884 2044 1128 2094 defendendam
1147 2045 1322 2089 civitatem,
1335 2045 1413 2091 quia

377 2097 465 2131 Deus
501 2098 607 2131 noster
632 2098 774 2132 maxima
803 2097 901 2146 plaga
926 2096 1122 2145 perculserat
1155 2110 1222 2142 eos,
1256 2098 1411 2145 plurima-
