<?xml version="1.0" encoding="UTF-8"?>
<!DOCTYPE html PUBLIC "-//W3C//DTD XHTML 1.0 Transitional//EN"
    "http://www.w3.org/TR/xhtml1/DTD/xhtml1-transitional.dtd">
<html xmlns="http://www.w3.org/1999/xhtml" xml:lang="en" lang="en">
 <head>
  <title>
</title>
<meta http-equiv="Content-Type" content="text/html;charset=utf-8" />
  <meta name='ocr-system' content='tesseract 3.04.00' />
  <meta name='ocr-capabilities' content='ocr_page ocr_carea ocr_par ocr_line ocrx_word'/>
</head>
<body>
  <div class='ocr_page' id='page_1' title='image "./quintibellisacri00rhuoft_0216.png"; bbox 0 0 1624 2788; ppageno 0'>
   <div class='ocr_carea' id='block_1_1' title="bbox 343 357 401 381">
    <p class='ocr_par' dir='ltr' id='par_1_1' title="bbox 343 357 401 381">
     <span class='ocr_line' id='line_1_1' title="bbox 343 357 401 381; baseline 0 -7"><span class='ocrx_word' id='word_1_1' title='bbox 343 357 401 381; x_wconf 87' lang='lat'>1219</span> 
     </span>
    </p>
   </div>
   <div class='ocr_carea' id='block_1_2' title="bbox 293 720 403 750">
    <p class='ocr_par' dir='ltr' id='par_1_2' title="bbox 293 720 403 750">
     <span class='ocr_line' id='line_1_2' title="bbox 293 720 403 750; baseline -0.009 -8"><span class='ocrx_word' id='word_1_2' title='bbox 293 720 354 750; x_wconf 85' lang='lat' dir='ltr'>Sept.</span> <span class='ocrx_word' id='word_1_3' title='bbox 369 725 403 747; x_wconf 87' lang='lat'>14.</span> 
     </span>
    </p>
   </div>
   <div class='ocr_carea' id='block_1_3' title="bbox 255 1415 409 1444">
    <p class='ocr_par' dir='ltr' id='par_1_3' title="bbox 255 1415 409 1444">
     <span class='ocr_line' id='line_1_3' title="bbox 255 1415 409 1444; baseline 0 -8"><span class='ocrx_word' id='word_1_4' title='bbox 255 1415 315 1444; x_wconf 81' lang='lat' dir='ltr'>Sept.</span> <span class='ocrx_word' id='word_1_5' title='bbox 328 1421 409 1444; x_wconf 83' lang='lat'><em>23-29.</em></span> 
     </span>
    </p>
   </div>
   <div class='ocr_carea' id='block_1_4' title="bbox 301 1578 410 1607">
    <p class='ocr_par' dir='ltr' id='par_1_4' title="bbox 301 1578 410 1607">
     <span class='ocr_line' id='line_1_4' title="bbox 301 1578 410 1607; baseline 0 -7"><span class='ocrx_word' id='word_1_6' title='bbox 301 1579 360 1607; x_wconf 78' lang='lat' dir='ltr'>Sept.</span> <span class='ocrx_word' id='word_1_7' title='bbox 373 1578 410 1600; x_wconf 87' lang='lat'>26.</span> 
     </span>
    </p>
   </div>
   <div class='ocr_carea' id='block_1_5' title="bbox 420 221 1201 261">
    <p class='ocr_par' dir='ltr' id='par_1_5' title="bbox 420 221 1201 261">
     <span class='ocr_line' id='line_1_5' title="bbox 420 221 1201 261; baseline 0.004 -3"><span class='ocrx_word' id='word_1_8' title='bbox 420 221 485 258; x_wconf 83' lang='lat'>160</span> <span class='ocrx_word' id='word_1_9' title='bbox 663 233 775 259; x_wconf 78' lang='lat' dir='ltr'>LtBER</span> <span class='ocrx_word' id='word_1_10' title='bbox 800 233 951 260; x_wconf 71' lang='lat' dir='ltr'>numm</span> <span class='ocrx_word' id='word_1_11' title='bbox 976 234 1201 261; x_wconf 76' lang='lat' dir='ltr'>cnRtsTIAm</span> 
     </span>
    </p>
   </div>
   <div class='ocr_carea' id='block_1_6' title="bbox 415 344 1446 555">
    <p class='ocr_par' dir='ltr' id='par_1_6' title="bbox 415 344 1446 555">
     <span class='ocr_line' id='line_1_6' title="bbox 415 344 1444 395; baseline 0.003 -15"><span class='ocrx_word' id='word_1_12' title='bbox 415 345 594 381; x_wconf 86' lang='lat' dir='ltr'>multorum</span> <span class='ocrx_word' id='word_1_13' title='bbox 602 345 860 380; x_wconf 89' lang='lat' dir='ltr'>Christianorum</span> <span class='ocrx_word' id='word_1_14' title='bbox 873 344 1028 381; x_wconf 87' lang='lat' dir='ltr'><strong>habentes</strong></span> <span class='ocrx_word' id='word_1_15' title='bbox 1041 346 1150 381; x_wconf 91' lang='lat' dir='ltr'>secum</span> <span class='ocrx_word' id='word_1_16' title='bbox 1163 348 1282 395; x_wconf 86' lang='lat' dir='ltr'>capita,</span> <span class='ocrx_word' id='word_1_17' title='bbox 1295 347 1444 383; x_wconf 85' lang='lat' dir='ltr'>veniente</span> 
     </span>
     <span class='ocr_line' id='line_1_7' title="bbox 415 397 1444 446; baseline 0.001 -12"><span class='ocrx_word' id='word_1_18' title='bbox 415 401 524 442; x_wconf 70' lang='lat' dir='ltr'>noete,</span> <span class='ocrx_word' id='word_1_19' title='bbox 544 397 748 442; x_wconf 84' lang='lat' dir='ltr'>recesserunt,</span> <span class='ocrx_word' id='word_1_20' title='bbox 776 400 884 442; x_wconf 88' lang='lat' dir='ltr'>nostri,</span> <span class='ocrx_word' id='word_1_21' title='bbox 913 412 1047 446; x_wconf 92' lang='lat' dir='ltr'>quoque</span> <span class='ocrx_word' id='word_1_22' title='bbox 1065 400 1174 435; x_wconf 87' lang='lat' dir='ltr'>multis</span> <span class='ocrx_word' id='word_1_23' title='bbox 1192 401 1444 435; x_wconf 83' lang='lat' dir='ltr'>Sarracenorum</span> 
     </span>
     <span class='ocr_line' id='line_1_8' title="bbox 416 451 1446 501; baseline 0.002 -15"><span class='ocrx_word' id='word_1_24' title='bbox 416 451 525 487; x_wconf 85' lang='lat' dir='ltr'>occisis</span> <span class='ocrx_word' id='word_1_25' title='bbox 550 465 589 487; x_wconf 89' lang='lat' dir='ltr'>ac</span> <span class='ocrx_word' id='word_1_26' title='bbox 616 464 770 499; x_wconf 87' lang='lat' dir='ltr'>quattuor</span> <span class='ocrx_word' id='word_1_27' title='bbox 786 452 949 487; x_wconf 87' lang='lat' dir='ltr'>amiraldis</span> <span class='ocrx_word' id='word_1_28' title='bbox 965 466 1080 488; x_wconf 90' lang='lat' dir='ltr'>eorum</span> <span class='ocrx_word' id='word_1_29' title='bbox 1096 454 1210 501; x_wconf 86' lang='lat' dir='ltr'>captis,</span> <span class='ocrx_word' id='word_1_30' title='bbox 1235 454 1393 490; x_wconf 84' lang='lat' dir='ltr'>vulnerati</span> <span class='ocrx_word' id='word_1_31' title='bbox 1411 454 1446 488; x_wconf 90' lang='lat'>&amp;</span> 
     </span>
     <span class='ocr_line' id='line_1_9' title="bbox 416 506 1443 555; baseline 0.002 -15"><span class='ocrx_word' id='word_1_32' title='bbox 416 506 555 541; x_wconf 90' lang='lat' dir='ltr'>multum</span> <span class='ocrx_word' id='word_1_33' title='bbox 568 506 667 542; x_wconf 86' lang='lat' dir='ltr'>tristes</span> <span class='ocrx_word' id='word_1_34' title='bbox 683 507 767 541; x_wconf 89' lang='lat' dir='ltr'>infra</span> <span class='ocrx_word' id='word_1_35' title='bbox 780 506 866 542; x_wconf 88' lang='lat' dir='ltr'>levas</span> <span class='ocrx_word' id='word_1_36' title='bbox 881 507 952 542; x_wconf 91' lang='lat' dir='ltr'>sunt</span> <span class='ocrx_word' id='word_1_37' title='bbox 966 508 1097 554; x_wconf 86' lang='lat' dir='ltr'>recepti,</span> <span class='ocrx_word' id='word_1_38' title='bbox 1119 506 1226 555; x_wconf 84' lang='lat' dir='ltr'>sicque</span> <span class='ocrx_word' id='word_1_39' title='bbox 1239 506 1348 542; x_wconf 83' lang='lat' dir='ltr'>clausit</span> <span class='ocrx_word' id='word_1_40' title='bbox 1365 507 1443 543; x_wconf 89' lang='lat' dir='ltr'>dies.</span> 
     </span>
    </p>
   </div>
   <div class='ocr_carea' id='block_1_7' title="bbox 656 615 1201 661">
    <p class='ocr_par' dir='ltr' id='par_1_7' title="bbox 656 615 1201 661">
     <span class='ocr_line' id='line_1_10' title="bbox 656 615 1201 661; baseline 0.002 -13"><span class='ocrx_word' id='word_1_41' title='bbox 656 616 706 648; x_wconf 77' lang='lat' dir='ltr'>‘De</span> <span class='ocrx_word' id='word_1_42' title='bbox 719 615 835 648; x_wconf 84' lang='lat' dir='ltr'>decimo</span> <span class='ocrx_word' id='word_1_43' title='bbox 853 615 978 648; x_wconf 82' lang='lat' dir='ltr'>adventu</span> <span class='ocrx_word' id='word_1_44' title='bbox 997 616 1201 661; x_wconf 81' lang='lat' dir='ltr'>Paganorum.</span> 
     </span>
    </p>
   </div>
   <div class='ocr_carea' id='block_1_8' title="bbox 412 720 1460 2089">
    <p class='ocr_par' dir='ltr' id='par_1_8' title="bbox 412 720 1454 1408">
     <span class='ocr_line' id='line_1_11' title="bbox 465 720 1448 768; baseline 0 -13"><span class='ocrx_word' id='word_1_45' title='bbox 465 720 678 755; x_wconf 80' lang='lat' dir='ltr'>XLIII-XLIV.</span> <span class='ocrx_word' id='word_1_46' title='bbox 712 723 743 755; x_wconf 91' lang='lat' dir='ltr'>ln</span> <span class='ocrx_word' id='word_1_47' title='bbox 768 720 972 755; x_wconf 86' lang='lat' dir='ltr'>Exaltacione</span> <span class='ocrx_word' id='word_1_48' title='bbox 1001 721 1116 755; x_wconf 64' lang='lat' dir='ltr'>sanese</span> <span class='ocrx_word' id='word_1_49' title='bbox 1138 721 1255 755; x_wconf 86' lang='lat' dir='ltr'>Crucis</span> <span class='ocrx_word' id='word_1_50' title='bbox 1285 721 1448 768; x_wconf 87' lang='lat' dir='ltr'>principes</span> 
     </span>
     <span class='ocr_line' id='line_1_12' title="bbox 417 774 1448 821; baseline 0 -13"><span class='ocrx_word' id='word_1_51' title='bbox 417 774 643 809; x_wconf 88' lang='lat' dir='ltr'>Romanorum</span> <span class='ocrx_word' id='word_1_52' title='bbox 661 776 696 809; x_wconf 92' lang='lat'>&amp;</span> <span class='ocrx_word' id='word_1_53' title='bbox 713 774 883 821; x_wconf 86' lang='lat' dir='ltr'>episcopus</span> <span class='ocrx_word' id='word_1_54' title='bbox 909 774 1053 821; x_wconf 87' lang='lat' dir='ltr'>Ungarie</span> <span class='ocrx_word' id='word_1_55' title='bbox 1072 775 1106 808; x_wconf 91' lang='lat'>&amp;</span> <span class='ocrx_word' id='word_1_56' title='bbox 1125 787 1236 809; x_wconf 92' lang='lat' dir='ltr'>comes</span> <span class='ocrx_word' id='word_1_57' title='bbox 1255 774 1448 821; x_wconf 87' lang='lat' dir='ltr'>Belquilinus</span> 
     </span>
     <span class='ocr_line' id='line_1_13' title="bbox 418 826 1448 876; baseline -0.002 -12"><span class='ocrx_word' id='word_1_58' title='bbox 418 843 494 864; x_wconf 91' lang='lat' dir='ltr'>cum</span> <span class='ocrx_word' id='word_1_59' title='bbox 508 829 615 864; x_wconf 89' lang='lat' dir='ltr'>multis</span> <span class='ocrx_word' id='word_1_60' title='bbox 633 828 700 862; x_wconf 85' lang='lat' dir='ltr'>aliis</span> <span class='ocrx_word' id='word_1_61' title='bbox 718 828 896 876; x_wconf 83' lang='lat' dir='ltr'>peregrinis</span> <span class='ocrx_word' id='word_1_62' title='bbox 919 826 1120 862; x_wconf 81' lang='lat' dir='ltr'>recesserunt.</span> <span class='ocrx_word' id='word_1_63' title='bbox 1147 830 1179 862; x_wconf 90' lang='lat' dir='ltr'>ln</span> <span class='ocrx_word' id='word_1_64' title='bbox 1199 827 1246 862; x_wconf 89' lang='lat' dir='ltr'>his</span> <span class='ocrx_word' id='word_1_65' title='bbox 1264 828 1363 862; x_wconf 85' lang='lat' dir='ltr'>etiam</span> <span class='ocrx_word' id='word_1_66' title='bbox 1380 826 1448 862; x_wconf 93' lang='lat' dir='ltr'>die—</span> 
     </span>
     <span class='ocr_line' id='line_1_14' title="bbox 418 880 1449 930; baseline -0.003 -12"><span class='ocrx_word' id='word_1_67' title='bbox 418 882 476 918; x_wconf 91' lang='lat' dir='ltr'>bus</span> <span class='ocrx_word' id='word_1_68' title='bbox 491 882 650 930; x_wconf 87' lang='lat' dir='ltr'>applicuit</span> <span class='ocrx_word' id='word_1_69' title='bbox 661 880 830 917; x_wconf 86' lang='lat' dir='ltr'>Savarisius</span> <span class='ocrx_word' id='word_1_70' title='bbox 844 880 885 916; x_wconf 91' lang='lat' dir='ltr'>de</span> <span class='ocrx_word' id='word_1_71' title='bbox 893 881 1037 915; x_wconf 75' lang='lat' dir='ltr'>Malieon</span> <span class='ocrx_word' id='word_1_72' title='bbox 1047 894 1123 915; x_wconf 88' lang='lat' dir='ltr'>cum</span> <span class='ocrx_word' id='word_1_73' title='bbox 1137 880 1325 927; x_wconf 87' lang='lat' dir='ltr'>quindecim</span> <span class='ocrx_word' id='word_1_74' title='bbox 1338 880 1449 928; x_wconf 74' lang='lat' dir='ltr'>galei5‚</span> 
     </span>
     <span class='ocr_line' id='line_1_15' title="bbox 418 933 1448 983; baseline -0.003 -12"><span class='ocrx_word' id='word_1_75' title='bbox 418 937 451 971; x_wconf 95' lang='lat' dir='ltr'>in</span> <span class='ocrx_word' id='word_1_76' title='bbox 470 935 585 983; x_wconf 92' lang='lat' dir='ltr'>quibus</span> <span class='ocrx_word' id='word_1_77' title='bbox 604 934 697 970; x_wconf 90' lang='lat' dir='ltr'>multi</span> <span class='ocrx_word' id='word_1_78' title='bbox 715 947 807 969; x_wconf 86' lang='lat' dir='ltr'>erant</span> <span class='ocrx_word' id='word_1_79' title='bbox 824 935 996 982; x_wconf 84' lang='lat' dir='ltr'>peregrini.</span> <span class='ocrx_word' id='word_1_80' title='bbox 1027 935 1155 969; x_wconf 89' lang='lat' dir='ltr'>[nterim</span> <span class='ocrx_word' id='word_1_81' title='bbox 1174 935 1276 968; x_wconf 86' lang='lat' dir='ltr'>rursus</span> <span class='ocrx_word' id='word_1_82' title='bbox 1296 933 1448 968; x_wconf 90' lang='lat' dir='ltr'>soldanus</span> 
     </span>
     <span class='ocr_line' id='line_1_16' title="bbox 420 986 1451 1037; baseline -0.003 -13"><span class='ocrx_word' id='word_1_83' title='bbox 420 988 501 1024; x_wconf 83' lang='lat' dir='ltr'>mifit</span> <span class='ocrx_word' id='word_1_84' title='bbox 518 1002 577 1037; x_wconf 88' lang='lat' dir='ltr'>per</span> <span class='ocrx_word' id='word_1_85' title='bbox 590 1001 706 1023; x_wconf 90' lang='lat' dir='ltr'>omnes</span> <span class='ocrx_word' id='word_1_86' title='bbox 721 987 889 1023; x_wconf 88' lang='lat' dir='ltr'>Babilonie</span> <span class='ocrx_word' id='word_1_87' title='bbox 907 988 1092 1035; x_wconf 90' lang='lat' dir='ltr'>provincias</span> <span class='ocrx_word' id='word_1_88' title='bbox 1108 986 1237 1023; x_wconf 88' lang='lat' dir='ltr'>dicens:</span> <span class='ocrx_word' id='word_1_89' title='bbox 1255 989 1293 1022; x_wconf 84' lang='lat' dir='ltr'>Si</span> <span class='ocrx_word' id='word_1_90' title='bbox 1306 990 1374 1033; x_wconf 83' lang='lat' dir='ltr'>quis</span> <span class='ocrx_word' id='word_1_91' title='bbox 1387 988 1451 1021; x_wconf 85' lang='lat' dir='ltr'>vult</span> 
     </span>
     <span class='ocr_line' id='line_1_17' title="bbox 419 1043 1449 1088; baseline -0.003 -10"><span class='ocrx_word' id='word_1_92' title='bbox 419 1045 526 1078; x_wconf 79' lang='lat' dir='ltr'>habere</span> <span class='ocrx_word' id='word_1_93' title='bbox 541 1044 568 1077; x_wconf 94' lang='lat' dir='ltr'><em>C</em></span> <span class='ocrx_word' id='word_1_94' title='bbox 569 1046 729 1088; x_wconf 80' lang='lat' dir='ltr'>hristianos</span> <span class='ocrx_word' id='word_1_95' title='bbox 734 1043 870 1088; x_wconf 82' lang='lat' dir='ltr'>sclavos,</span> <span class='ocrx_word' id='word_1_96' title='bbox 889 1045 944 1076; x_wconf 85' lang='lat' dir='ltr'>lzuc</span> <span class='ocrx_word' id='word_1_97' title='bbox 957 1045 1068 1083; x_wconf 82' lang='lat' dir='ltr'>veniat,</span> <span class='ocrx_word' id='word_1_98' title='bbox 1083 1055 1170 1087; x_wconf 88' lang='lat' dir='ltr'>quum</span> <span class='ocrx_word' id='word_1_99' title='bbox 1179 1043 1337 1088; x_wconf 83' lang='lat' dir='ltr'>principes</span> <span class='ocrx_word' id='word_1_100' title='bbox 1349 1054 1449 1075; x_wconf 86' lang='lat' dir='ltr'>eorum</span> 
     </span>
     <span class='ocr_line' id='line_1_18' title="bbox 420 1095 1448 1143; baseline -0.004 -12"><span class='ocrx_word' id='word_1_101' title='bbox 420 1098 623 1143; x_wconf 33' lang='lat' dir='ltr'>mortui—sunt,</span> <span class='ocrx_word' id='word_1_102' title='bbox 651 1096 682 1130; x_wconf 75' lang='lat'>6·</span> <span class='ocrx_word' id='word_1_103' title='bbox 701 1099 786 1130; x_wconf 82' lang='lat' dir='ltr'>‘Deus</span> <span class='ocrx_word' id='word_1_104' title='bbox 812 1109 911 1130; x_wconf 89' lang='lat' dir='ltr'>eorum</span> <span class='ocrx_word' id='word_1_105' title='bbox 930 1096 1020 1141; x_wconf 83' lang='lat' dir='ltr'>longe</span> <span class='ocrx_word' id='word_1_106' title='bbox 1045 1098 1084 1140; x_wconf 85' lang='lat' dir='ltr'>est</span> <span class='ocrx_word' id='word_1_107' title='bbox 1109 1097 1145 1129; x_wconf 83' lang='lat' dir='ltr'>ab</span> <span class='ocrx_word' id='word_1_108' title='bbox 1171 1097 1226 1137; x_wconf 84' lang='lat' dir='ltr'>eis,</span> <span class='ocrx_word' id='word_1_109' title='bbox 1253 1095 1284 1129; x_wconf 60' lang='grc' dir='ltr'>δ’</span> <span class='ocrx_word' id='word_1_110' title='bbox 1309 1097 1373 1128; x_wconf 77' lang='lat' dir='ltr'>vivi</span> <span class='ocrx_word' id='word_1_111' title='bbox 1388 1097 1448 1128; x_wconf 84' lang='lat' dir='ltr'>iam</span> 
     </span>
     <span class='ocr_line' id='line_1_19' title="bbox 412 1146 1452 1196; baseline -0.003 -12"><span class='ocrx_word' id='word_1_112' title='bbox 412 1152 563 1196; x_wconf 83' lang='lat' dir='ltr'>fugiunt!</span> <span class='ocrx_word' id='word_1_113' title='bbox 592 1151 709 1184; x_wconf 85' lang='lat' dir='ltr'>lterum</span> <span class='ocrx_word' id='word_1_114' title='bbox 735 1148 954 1183; x_wconf 81' lang='lat' dir='ltr'>fraudulenter</span> <span class='ocrx_word' id='word_1_115' title='bbox 978 1149 1112 1194; x_wconf 66' lang='lat' dir='ltr'>pac&#39;lum</span> <span class='ocrx_word' id='word_1_116' title='bbox 1141 1148 1217 1182; x_wconf 91' lang='lat' dir='ltr'>fecit</span> <span class='ocrx_word' id='word_1_117' title='bbox 1233 1149 1268 1182; x_wconf 92' lang='lat'>&amp;</span> <span class='ocrx_word' id='word_1_118' title='bbox 1286 1146 1381 1181; x_wconf 89' lang='lat' dir='ltr'>nobis</span> <span class='ocrx_word' id='word_1_119' title='bbox 1398 1146 1452 1181; x_wconf 88' lang='lat' dir='ltr'>fir-</span> 
     </span>
     <span class='ocr_line' id='line_1_20' title="bbox 421 1200 1452 1249; baseline -0.001 -12"><span class='ocrx_word' id='word_1_120' title='bbox 421 1216 510 1238; x_wconf 86' lang='lat' dir='ltr'>mare</span> <span class='ocrx_word' id='word_1_121' title='bbox 521 1203 633 1238; x_wconf 90' lang='lat' dir='ltr'>voluit.</span> <span class='ocrx_word' id='word_1_122' title='bbox 650 1202 728 1236; x_wconf 82' lang='lat' dir='ltr'>Hoc</span> <span class='ocrx_word' id='word_1_123' title='bbox 740 1214 851 1237; x_wconf 89' lang='lat' dir='ltr'>autem</span> <span class='ocrx_word' id='word_1_124' title='bbox 864 1214 976 1237; x_wconf 88' lang='lat' dir='ltr'>verum</span> <span class='ocrx_word' id='word_1_125' title='bbox 992 1200 1066 1245; x_wconf 78' lang='lat' dir='ltr'>effe,</span> <span class='ocrx_word' id='word_1_126' title='bbox 1081 1202 1275 1247; x_wconf 83' lang='lat' dir='ltr'>putavimus,</span> <span class='ocrx_word' id='word_1_127' title='bbox 1290 1200 1344 1235; x_wconf 91' lang='lat' dir='ltr'>sed</span> <span class='ocrx_word' id='word_1_128' title='bbox 1363 1201 1452 1249; x_wconf 89' lang='lat' dir='ltr'>lega-</span> 
     </span>
     <span class='ocr_line' id='line_1_21' title="bbox 422 1252 1452 1301; baseline -0.002 -10"><span class='ocrx_word' id='word_1_129' title='bbox 422 1269 471 1292; x_wconf 84' lang='lat' dir='ltr'>tus</span> <span class='ocrx_word' id='word_1_130' title='bbox 490 1269 558 1291; x_wconf 93' lang='lat' dir='ltr'>non</span> <span class='ocrx_word' id='word_1_131' title='bbox 573 1254 737 1300; x_wconf 87' lang='lat' dir='ltr'>credebat,</span> <span class='ocrx_word' id='word_1_132' title='bbox 752 1254 817 1297; x_wconf 82' lang='lat' dir='ltr'>sed,</span> <span class='ocrx_word' id='word_1_133' title='bbox 834 1256 878 1289; x_wconf 89' lang='lat' dir='ltr'>ira</span> <span class='ocrx_word' id='word_1_134' title='bbox 895 1268 955 1290; x_wconf 89' lang='lat' dir='ltr'>nos</span> <span class='ocrx_word' id='word_1_135' title='bbox 971 1255 1001 1288; x_wconf 91' lang='lat' dir='ltr'>se</span> <span class='ocrx_word' id='word_1_136' title='bbox 1014 1253 1107 1301; x_wconf 75' lang='lat' dir='ltr'>posse</span> <span class='ocrx_word' id='word_1_137' title='bbox 1119 1253 1282 1298; x_wconf 80' lang='lat' dir='ltr'>deludere,</span> <span class='ocrx_word' id='word_1_138' title='bbox 1297 1252 1452 1301; x_wconf 89' lang='lat' dir='ltr'>sperabat.</span> 
     </span>
     <span class='ocr_line' id='line_1_22' title="bbox 422 1306 1454 1357; baseline -0.004 -12"><span class='ocrx_word' id='word_1_139' title='bbox 422 1310 582 1345; x_wconf 88' lang='lat' dir='ltr'>Soldanus</span> <span class='ocrx_word' id='word_1_140' title='bbox 603 1309 700 1357; x_wconf 86' lang='lat' dir='ltr'>igitur</span> <span class='ocrx_word' id='word_1_141' title='bbox 724 1307 930 1356; x_wconf 62' lang='lat' dir='ltr'>exsped&#39;mbat</span> <span class='ocrx_word' id='word_1_142' title='bbox 947 1308 1080 1343; x_wconf 89' lang='lat' dir='ltr'>navium</span> <span class='ocrx_word' id='word_1_143' title='bbox 1102 1307 1322 1351; x_wconf 75' lang='lat' dir='ltr'>recessionem,</span> <span class='ocrx_word' id='word_1_144' title='bbox 1347 1306 1401 1342; x_wconf 91' lang='lat' dir='ltr'>sed</span> <span class='ocrx_word' id='word_1_145' title='bbox 1419 1308 1454 1342; x_wconf 91' lang='lat'>&amp;</span> 
     </span>
     <span class='ocr_line' id='line_1_23' title="bbox 423 1359 1064 1408; baseline -0.006 -10"><span class='ocrx_word' id='word_1_146' title='bbox 423 1376 483 1398; x_wconf 91' lang='lat' dir='ltr'>nos</span> <span class='ocrx_word' id='word_1_147' title='bbox 499 1363 678 1399; x_wconf 89' lang='lat' dir='ltr'>adventurn</span> <span class='ocrx_word' id='word_1_148' title='bbox 696 1361 832 1396; x_wconf 89' lang='lat' dir='ltr'>aliarum</span> <span class='ocrx_word' id='word_1_149' title='bbox 850 1359 1064 1408; x_wconf 81' lang='lat' dir='ltr'>sperabamus,</span> 
     </span>
    </p>

    <p class='ocr_par' dir='ltr' id='par_1_9' title="bbox 424 1412 1454 1569">
     <span class='ocr_line' id='line_1_24' title="bbox 471 1412 1454 1461; baseline -0.003 -10"><span class='ocrx_word' id='word_1_150' title='bbox 471 1416 566 1452; x_wconf 92' lang='lat' dir='ltr'>XLV.</span> <span class='ocrx_word' id='word_1_151' title='bbox 596 1418 628 1450; x_wconf 90' lang='lat' dir='ltr'>ln</span> <span class='ocrx_word' id='word_1_152' title='bbox 658 1415 770 1449; x_wconf 87' lang='lat' dir='ltr'>ultima</span> <span class='ocrx_word' id='word_1_153' title='bbox 796 1413 985 1449; x_wconf 83' lang='lat' dir='ltr'>ebdomada</span> <span class='ocrx_word' id='word_1_154' title='bbox 1013 1413 1127 1448; x_wconf 84' lang='lat' dir='ltr'>mensis</span> <span class='ocrx_word' id='word_1_155' title='bbox 1148 1412 1346 1461; x_wconf 87' lang='lat' dir='ltr'>Septembris</span> <span class='ocrx_word' id='word_1_156' title='bbox 1369 1413 1454 1449; x_wconf 92' lang='lat' dir='ltr'>duo-</span> 
     </span>
     <span class='ocr_line' id='line_1_25' title="bbox 424 1466 1454 1515; baseline -0.004 -10"><span class='ocrx_word' id='word_1_157' title='bbox 424 1469 532 1505; x_wconf 88' lang='lat' dir='ltr'>decim</span> <span class='ocrx_word' id='word_1_158' title='bbox 557 1481 656 1504; x_wconf 91' lang='lat' dir='ltr'>naves</span> <span class='ocrx_word' id='word_1_159' title='bbox 682 1481 747 1503; x_wconf 93' lang='lat' dir='ltr'>una</span> <span class='ocrx_word' id='word_1_160' title='bbox 777 1467 829 1502; x_wconf 89' lang='lat' dir='ltr'>die</span> <span class='ocrx_word' id='word_1_161' title='bbox 858 1467 900 1502; x_wconf 90' lang='lat' dir='ltr'>de</span> <span class='ocrx_word' id='word_1_162' title='bbox 927 1480 1023 1515; x_wconf 87' lang='lat' dir='ltr'>portu</span> <span class='ocrx_word' id='word_1_163' title='bbox 1055 1467 1210 1512; x_wconf 84' lang='lat' dir='ltr'>exierunt,</span> <span class='ocrx_word' id='word_1_164' title='bbox 1239 1468 1272 1501; x_wconf 91' lang='lat'>&amp;</span> <span class='ocrx_word' id='word_1_165' title='bbox 1302 1466 1454 1502; x_wconf 88' lang='lat' dir='ltr'>soldanus</span> 
     </span>
     <span class='ocr_line' id='line_1_26' title="bbox 424 1522 829 1569; baseline -0.005 -12"><span class='ocrx_word' id='word_1_166' title='bbox 424 1523 530 1558; x_wconf 85' lang='lat' dir='ltr'>statim</span> <span class='ocrx_word' id='word_1_167' title='bbox 548 1522 672 1569; x_wconf 85' lang='lat' dir='ltr'>exspuit</span> <span class='ocrx_word' id='word_1_168' title='bbox 687 1524 829 1569; x_wconf 66' lang='lat' dir='ltr'>pae‘lum.</span> 
     </span>
    </p>

    <p class='ocr_par' dir='ltr' id='par_1_10' title="bbox 425 1573 1460 2089">
     <span class='ocr_line' id='line_1_27' title="bbox 473 1573 1455 1621; baseline -0.004 -10"><span class='ocrx_word' id='word_1_169' title='bbox 473 1576 579 1611; x_wconf 87' lang='lat' dir='ltr'>XLV1.</span> <span class='ocrx_word' id='word_1_170' title='bbox 609 1578 641 1610; x_wconf 85' lang='lat' dir='ltr'>ln</span> <span class='ocrx_word' id='word_1_171' title='bbox 671 1575 759 1609; x_wconf 89' lang='lat' dir='ltr'>sexto</span> <span class='ocrx_word' id='word_1_172' title='bbox 787 1574 938 1609; x_wconf 90' lang='lat' dir='ltr'>calendas</span> <span class='ocrx_word' id='word_1_173' title='bbox 967 1573 1124 1609; x_wconf 65' lang='lat' dir='ltr'>Odlobris</span> <span class='ocrx_word' id='word_1_174' title='bbox 1151 1586 1309 1609; x_wconf 85' lang='lat' dir='ltr'>venerunt</span> <span class='ocrx_word' id='word_1_175' title='bbox 1338 1574 1455 1621; x_wconf 85' lang='lat' dir='ltr'>Pagani</span> 
     </span>
     <span class='ocr_line' id='line_1_28' title="bbox 425 1626 1454 1676; baseline -0.005 -11"><span class='ocrx_word' id='word_1_176' title='bbox 425 1644 464 1665; x_wconf 89' lang='lat' dir='ltr'>ex</span> <span class='ocrx_word' id='word_1_177' title='bbox 491 1641 627 1676; x_wconf 90' lang='lat' dir='ltr'>utraque</span> <span class='ocrx_word' id='word_1_178' title='bbox 656 1639 747 1676; x_wconf 91' lang='lat' dir='ltr'>parte</span> <span class='ocrx_word' id='word_1_179' title='bbox 776 1641 834 1675; x_wconf 90' lang='lat' dir='ltr'>per</span> <span class='ocrx_word' id='word_1_180' title='bbox 863 1639 980 1662; x_wconf 85' lang='lat' dir='ltr'>terram</span> <span class='ocrx_word' id='word_1_181' title='bbox 1007 1629 1042 1662; x_wconf 90' lang='lat'>&amp;</span> <span class='ocrx_word' id='word_1_182' title='bbox 1068 1626 1215 1661; x_wconf 78' lang='lat' dir='ltr'>sabulum</span> <span class='ocrx_word' id='word_1_183' title='bbox 1242 1628 1286 1671; x_wconf 88' lang='lat'>&amp;,</span> <span class='ocrx_word' id='word_1_184' title='bbox 1317 1626 1454 1661; x_wconf 87' lang='lat' dir='ltr'>soldano</span> 
     </span>
     <span class='ocr_line' id='line_1_29' title="bbox 425 1680 1456 1726; baseline -0.005 -8"><span class='ocrx_word' id='word_1_185' title='bbox 425 1682 567 1726; x_wconf 83' lang='lat' dir='ltr'>iubente,</span> <span class='ocrx_word' id='word_1_186' title='bbox 585 1680 739 1716; x_wconf 78' lang='lat' dir='ltr'>fossatum</span> <span class='ocrx_word' id='word_1_187' title='bbox 757 1681 902 1715; x_wconf 89' lang='lat' dir='ltr'>nostrum</span> <span class='ocrx_word' id='word_1_188' title='bbox 919 1681 1127 1715; x_wconf 88' lang='lat' dir='ltr'>intraverunt.</span> <span class='ocrx_word' id='word_1_189' title='bbox 1147 1680 1237 1715; x_wconf 88' lang='lat' dir='ltr'>Dixit</span> <span class='ocrx_word' id='word_1_190' title='bbox 1254 1680 1354 1722; x_wconf 90' lang='lat' dir='ltr'>enim,</span> <span class='ocrx_word' id='word_1_191' title='bbox 1369 1692 1456 1724; x_wconf 81' lang='lat' dir='ltr'>quum</span> 
     </span>
     <span class='ocr_line' id='line_1_30' title="bbox 427 1731 1457 1782; baseline -0.005 -11"><span class='ocrx_word' id='word_1_192' title='bbox 427 1738 594 1782; x_wconf 78' lang='lat' dir='ltr'>Christiani</span> <span class='ocrx_word' id='word_1_193' title='bbox 610 1736 714 1781; x_wconf 85' lang='lat' dir='ltr'>desunt</span> <span class='ocrx_word' id='word_1_194' title='bbox 732 1735 762 1768; x_wconf 73' lang='lat'>6·-</span> <span class='ocrx_word' id='word_1_195' title='bbox 781 1735 878 1768; x_wconf 79' lang='lat' dir='ltr'>nichil</span> <span class='ocrx_word' id='word_1_196' title='bbox 901 1735 1023 1769; x_wconf 85' lang='lat' dir='ltr'>valent!</span> <span class='ocrx_word' id='word_1_197' title='bbox 1041 1734 1189 1768; x_wconf 86' lang='lat' dir='ltr'>Putantes</span> <span class='ocrx_word' id='word_1_198' title='bbox 1214 1745 1334 1775; x_wconf 90' lang='lat' dir='ltr'>autem,</span> <span class='ocrx_word' id='word_1_199' title='bbox 1365 1731 1457 1779; x_wconf 92' lang='lat' dir='ltr'>quod</span> 
     </span>
     <span class='ocr_line' id='line_1_31' title="bbox 427 1784 1457 1835; baseline -0.005 -11"><span class='ocrx_word' id='word_1_200' title='bbox 427 1788 605 1833; x_wconf 80' lang='lat' dir='ltr'>dicebatur,</span> <span class='ocrx_word' id='word_1_201' title='bbox 619 1787 684 1822; x_wconf 78' lang='lat' dir='ltr'>esse</span> <span class='ocrx_word' id='word_1_202' title='bbox 697 1801 821 1830; x_wconf 89' lang='lat' dir='ltr'>verum,</span> <span class='ocrx_word' id='word_1_203' title='bbox 841 1787 946 1835; x_wconf 88' lang='lat' dir='ltr'>plures</span> <span class='ocrx_word' id='word_1_204' title='bbox 963 1788 1106 1834; x_wconf 89' lang='lat' dir='ltr'>ipsorum</span> <span class='ocrx_word' id='word_1_205' title='bbox 1120 1787 1278 1821; x_wconf 90' lang='lat' dir='ltr'>intravere</span> <span class='ocrx_word' id='word_1_206' title='bbox 1293 1784 1457 1829; x_wconf 83' lang='lat' dir='ltr'>foffatum,</span> 
     </span>
     <span class='ocr_line' id='line_1_32' title="bbox 428 1839 1458 1890; baseline -0.004 -14"><span class='ocrx_word' id='word_1_207' title='bbox 428 1855 569 1890; x_wconf 87' lang='lat' dir='ltr'>quorum</span> <span class='ocrx_word' id='word_1_208' title='bbox 595 1841 688 1875; x_wconf 85' lang='lat' dir='ltr'>multi</span> <span class='ocrx_word' id='word_1_209' title='bbox 713 1841 785 1875; x_wconf 90' lang='lat' dir='ltr'>sunt</span> <span class='ocrx_word' id='word_1_210' title='bbox 810 1840 917 1885; x_wconf 71' lang='lat' dir='ltr'>occist,</span> <span class='ocrx_word' id='word_1_211' title='bbox 943 1842 977 1875; x_wconf 93' lang='lat'>&amp;</span> <span class='ocrx_word' id='word_1_212' title='bbox 996 1841 1091 1887; x_wconf 88' lang='lat' dir='ltr'>pauci</span> <span class='ocrx_word' id='word_1_213' title='bbox 1113 1839 1155 1874; x_wconf 87' lang='lat' dir='ltr'>ad</span> <span class='ocrx_word' id='word_1_214' title='bbox 1174 1839 1348 1874; x_wconf 89' lang='lat' dir='ltr'>dominum</span> <span class='ocrx_word' id='word_1_215' title='bbox 1367 1840 1458 1873; x_wconf 86' lang='lat' dir='ltr'>suum</span> 
     </span>
     <span class='ocr_line' id='line_1_33' title="bbox 428 1892 1459 1940; baseline -0.006 -9"><span class='ocrx_word' id='word_1_216' title='bbox 428 1896 600 1932; x_wconf 90' lang='lat' dir='ltr'>soldanum</span> <span class='ocrx_word' id='word_1_217' title='bbox 620 1894 692 1929; x_wconf 87' lang='lat' dir='ltr'>sunt</span> <span class='ocrx_word' id='word_1_218' title='bbox 709 1892 820 1929; x_wconf 84' lang='lat' dir='ltr'>reversi</span> <span class='ocrx_word' id='word_1_219' title='bbox 841 1893 1000 1929; x_wconf 84' lang='lat' dir='ltr'>dicentes:</span> <span class='ocrx_word' id='word_1_220' title='bbox 1024 1897 1167 1936; x_wconf 81' lang='lat' dir='ltr'>Domine,</span> <span class='ocrx_word' id='word_1_221' title='bbox 1179 1894 1282 1940; x_wconf 77' lang='lat' dir='ltr'>sclavi</span> <span class='ocrx_word' id='word_1_222' title='bbox 1301 1895 1349 1937; x_wconf 83' lang='lat' dir='ltr'>isti</span> <span class='ocrx_word' id='word_1_223' title='bbox 1370 1893 1459 1926; x_wconf 83' lang='lat' dir='ltr'>valde</span> 
     </span>
     <span class='ocr_line' id='line_1_34' title="bbox 427 1944 1458 1996; baseline -0.006 -12"><span class='ocrx_word' id='word_1_224' title='bbox 427 1952 658 1996; x_wconf 80' lang='lat' dir='ltr'>dampnaverunt</span> <span class='ocrx_word' id='word_1_225' title='bbox 673 1950 748 1982; x_wconf 87' lang='lat' dir='ltr'>nos!</span> <span class='ocrx_word' id='word_1_226' title='bbox 766 1948 911 1982; x_wconf 76' lang='lat' dir='ltr'>fixerunt</span> <span class='ocrx_word' id='word_1_227' title='bbox 930 1958 1038 1981; x_wconf 87' lang='lat' dir='ltr'>autem</span> <span class='ocrx_word' id='word_1_228' title='bbox 1059 1958 1212 1993; x_wconf 88' lang='lat' dir='ltr'>quattuor</span> <span class='ocrx_word' id='word_1_229' title='bbox 1231 1944 1458 1992; x_wconf 87' lang='lat' dir='ltr'>manganellos</span> 
     </span>
     <span class='ocr_line' id='line_1_35' title="bbox 428 1997 1460 2049; baseline -0.006 -12"><span class='ocrx_word' id='word_1_230' title='bbox 428 2014 543 2037; x_wconf 89' lang='lat' dir='ltr'>contra</span> <span class='ocrx_word' id='word_1_231' title='bbox 560 2014 632 2045; x_wconf 79' lang='lat' dir='ltr'>nos,</span> <span class='ocrx_word' id='word_1_232' title='bbox 652 2000 707 2035; x_wconf 89' lang='lat' dir='ltr'>sed</span> <span class='ocrx_word' id='word_1_233' title='bbox 724 2001 833 2049; x_wconf 85' lang='lat' dir='ltr'>gracia</span> <span class='ocrx_word' id='word_1_234' title='bbox 852 2001 915 2035; x_wconf 89' lang='lat' dir='ltr'>Dei</span> <span class='ocrx_word' id='word_1_235' title='bbox 933 1999 1032 2034; x_wconf 89' lang='lat' dir='ltr'>nichil</span> <span class='ocrx_word' id='word_1_236' title='bbox 1049 1997 1143 2033; x_wconf 90' lang='lat' dir='ltr'>nobis</span> <span class='ocrx_word' id='word_1_237' title='bbox 1161 2009 1355 2041; x_wconf 87' lang='lat' dir='ltr'>nocuerunt,</span> <span class='ocrx_word' id='word_1_238' title='bbox 1383 1998 1460 2045; x_wconf 92' lang='lat' dir='ltr'>quia</span> 
     </span>
     <span class='ocr_line' id='line_1_36' title="bbox 429 2053 801 2089; baseline -0.005 0"><span class='ocrx_word' id='word_1_239' title='bbox 429 2055 518 2089; x_wconf 91' lang='lat' dir='ltr'>Deus</span> <span class='ocrx_word' id='word_1_240' title='bbox 538 2066 605 2088; x_wconf 87' lang='lat' dir='ltr'>erat</span> <span class='ocrx_word' id='word_1_241' title='bbox 622 2053 801 2089; x_wconf 89' lang='lat' dir='ltr'>nobiscum.</span> 
     </span>
    </p>
   </div>
  </div>
 </body>
</html>
