1624 2788
603 265 823 300 PRAEFATIO.
1191 259 1224 293 ix

192 372 309 404 Crucem
310 373 480 417 sumendam
488 374 622 414 impellat,
630 374 760 418 censeres,
769 380 906 405 auctorem
914 379 1067 405 trae'iatum
1076 375 1223 415 quendam,

191 433 210 452 a
219 421 257 465 fi
271 422 421 462 aliquando
434 422 508 454 doc'te
522 423 556 452 δ’
571 422 676 453 erudite
694 423 888 466 conscriptum,
909 434 970 454 cum
990 424 1112 454 oratione
1126 423 1223 454 habita

190 469 364 512 composuisti
378 470 412 500 δ’
425 470 454 500 ίη
475 482 560 501 unum
579 471 722 513 redegiffi,
745 482 916 512 quamquam
937 471 1030 502 altera
1051 483 1112 502 cum
1134 471 1223 502 altero

186 524 294 558 parum
308 526 475 549 conveniret.

230 565 286 596 Sed
299 574 406 608 putare
425 568 579 606 mallemus,
600 568 731 598 orationis
745 569 971 599 commentarium
984 568 1141 599 inchoatum
1156 568 1223 611 five

188 615 317 645 materiae
329 616 536 659 descriptionem
549 617 741 657 imperfee‘tam
757 618 875 658 exstare,
901 618 946 648 cui
965 624 1101 648 extremus
1121 625 1224 659 perpo-

189 663 274 694 fiendi
291 664 378 705 operis
398 664 482 695 labor
500 664 576 707 defit.
602 664 714 703 Aumr,
738 676 801 705 quae
817 666 1029 706 praemeditatus
1041 667 1075 697 δ’
1090 677 1223 696 commen—

188 719 263 743 tatus
282 712 441 752 invenerat,
463 720 558 754 aperte
578 714 697 743 nondum
717 714 849 756 disposuit
856 730 868 749 ‚·
893 715 994 758 versus
1015 715 1084 745 enim
1099 727 1112 745 e
1127 714 1223 756 Scrip-

188 768 258 792 tura
273 761 369 804 sacra
389 762 547 804 propositus
570 763 616 793 dee
636 785 645 801 ,
670 763 741 793 unde
763 763 851 793 oratio
868 764 997 804 pendeat,
1012 764 1071 807 sed
1089 763 1223 794 orationes

185 810 405 851 pradicatorum
417 812 539 851 pendere
544 812 645 855 solent,
667 823 751 851 neque
767 811 831 852 finis
845 812 975 843 orationis
985 813 1099 854 prostat.
1121 812 1222 853 ,Quum

187 859 258 888 enim
269 865 319 889 toto
330 859 501 901 attentiffimo
513 861 604 890 animo
615 861 764 891 audiamus
771 861 987 901 praedicatorem
998 861 1126 901 exemplis
1138 861 1222 904 illus-

186 913 318 945 trantem,
333 908 460 947 quomodo
475 909 658 950 crucefignati
671 909 731 939 Dei
743 921 830 939 manu
846 909 1030 950 omnipotentis
1036 910 1116 953 saepe
1131 910 1222 940 adiuti

183 955 304 995 suerint,
315 956 413 1000 sermo
425 957 547 997 inceptus
562 964 625 987 ante
632 957 719 998 finem
734 957 883 997 legitimum
894 958 1032 1001 praecisus
1044 960 1090 999 est.
1106 958 1221 989 Nihilo-

186 1004 278 1035 minus
299 1005 387 1035 oratio
410 1006 505 1046 nostra
523 1006 675 1046 permagni
694 1007 733 1046 est
752 1006 886 1045 momenti,
911 1007 1009 1048 quippe
1031 1018 1092 1047 quae
1114 1007 1224 1048 aliquid

186 1053 254 1083 novi
267 1053 377 1094 afferat
390 1054 432 1083 ad
438 1054 661 1094 praedicatorum
675 1054 788 1084 illorum
800 1055 938 1096 sermones
952 1055 1151 1099 cognoscendos.

228 1101 448 1132 Praedicatorem
463 1104 586 1143 nostrum
599 1103 802 1143 anglo-gallica
812 1103 921 1144 lingua,
933 1116 1016 1144 quam
1028 1105 1125 1144 equites
1136 1105 1221 1135 calle-

186 1158 258 1189 rent,
280 1150 360 1191 usum
372 1150 479 1191 fuiffi’,
501 1150 651 1193 verisimile
672 1152 717 1193 est,
742 1152 814 1182 unde
835 1151 906 1182 hanc
927 1152 1167 1184 ordinationem
1183 1153 1220 1184 de

187 1199 403 1239 praedicatione
418 1198 527 1230 sanetae
542 1200 663 1237 Crucis,
674 1199 740 1241 five
753 1200 879 1231 Thema
894 1201 1041 1232 orationis
1056 1201 1092 1231 ad
1109 1201 1220 1233 Crucis

186 1245 419 1287 assumptionem
440 1248 594 1278 invitantis
613 1248 642 1278 in
667 1248 794 1288 linguam
818 1249 946 1287 latinam,
968 1261 1052 1290 quam
1072 1250 1165 1280 clerici
1186 1252 1220 1282 ξεῖ

185 1295 311 1326 monachi
319 1297 531 1337 praeponebant,
546 1297 661 1340 versam
667 1297 760 1339 suff
776 1298 965 1329 arbitramur.

225 1345 302 1386 Quis
316 1351 407 1374 autem
423 1344 495 1375 hanc
510 1346 705 1376 ordinationem
719 1346 922 1390 conscripserit,
933 1347 1027 1387 facile
1041 1348 1073 1377 de
1094 1348 1154 1378 niri
1166 1359 1219 1378 non

183 1394 283 1434 potell‚·
301 1404 384 1433 quum
395 1404 465 1423 vero
481 1401 576 1424 orator
582 1394 745 1437 sententias,
758 1394 959 1434 anglo-gallica
975 1395 1075 1435 lingua
1082 1395 1220 1439 scriptas,

184 1443 218 1473 Εἴ
225 1442 348 1483 exempla
356 1442 608 1485 crucesignatorum
614 1444 758 1483 proferat,
769 1451 778 1466 ¹
791 1443 839 1483 qui
849 1454 882 1473 ex
884 1443 1102 1486 septentrionali
1114 1443 1220 1475 Gallia

185 1491 294 1530 regione
307 1491 369 1520 nati
375 1491 452 1532 funt,
461 1499 475 1514 2
484 1491 574 1534 ipsum
588 1491 651 1521 inde
662 1497 752 1521 ortum
758 1491 853 1532 suff
868 1491 957 1532 colligi
967 1491 1034 1522 licet.
1050 1491 1220 1533 Radulphus

184 1539 217 1569 de
238 1538 414 1579 Coggefhale,
430 1547 442 1570 3
466 1540 666 1580 praedicatores
683 1540 796 1583 sanc‘tae
821 1539 919 1570 Crucis
945 1540 974 1570 in
998 1539 1102 1580 shzglia
1129 1541 1220 1571 Nico-

185 1587 360 1630 laum‚sedis
382 1588 532 1629 apostolica:
555 1588 690 1628 legatum,
715 1599 815 1618 necnon
845 1588 891 1619 W
889 1589 1019 1627 alterum,
1044 1589 1219 1620 archidiaco-

184 1646 251 1666 num
273 1635 497 1680 Londoniensem,
513 1637 547 1667 ξδ’
563 1636 733 1678 Philippum,
748 1637 913 1678 magstrum
929 1637 1112 1681 Oxoniensem
1123 1638 1219 1681 fuist&

223 1720 232 1736 ι
251 1712 394 1744 Ordinatio,
407 1721 450 1744 zo,
464 1722 507 1743 24.
524 1715 566 1738 26.

221 1751 435 1777 2Commemorat
455 1752 491 1785 (p.
512 1753 559 1785 ις)
579 1753 671 1786 Hugo-

184 1799 241 1816 nem
249 1791 281 1816 de
288 1792 459 1825 Beauchamp,
465 1800 539 1825 quem
548 1792 572 1816 in
583 1792 671 1825 proelio

185 1830 323 1856 nattinenfi
333 1832 362 1855 M
368 1832 541 1857 CLXXXVII
547 1830 671 1863 cecidnffe,

184 1870 335 1896 Benedfflus
344 1871 549 1905 Petroburgenfis
560 1873 595 1903 (ι,
607 1873 669 1903 360;

185 1918 216 1942 Π,
238 1912 281 1943 22)
303 1917 396 1943 narrat,
420 1912 617 1944 Enguerranum
639 1911 670 1936 de

186 1951 269 1977 Boves
284 1950 375 1985 (prope
388 1951 574 1984 Ambianum),
588 1951 630 1985 qui
645 1950 668 1976 in

184 1996 277 2024 quarto
294 1990 360 2015 bello
378 1990 447 2016 sacro
469 1990 580 2016 versatus
599 1990 670 2016 fuifl'e

184 2029 275 2055 dicitur
299 2030 421 2062 (Eracles,
445 2030 469 2055 in
498 2031 526 2055 R.
554 2032 596 2055 des
618 2030 669 2064 hist

184 2078 230 2095 occ.
248 2072 290 2094 des
303 2071 354 2102 Cr„
369 2077 400 2101 11,
413 2080 480 2102 -;44
509 2069 540 2095 cf.
556 2070 671 2103 Klimke,

184 2109 286 2142 Qellen
311 2110 335 2134 d.
364 2117 401 2135 lv.
432 2109 486 2141 Kr.,
514 2118 537 2143 p.
562 2110 618 2143 90),
647 2110 670 2135 &

185 2148 329 2174 Walterum
355 2149 387 2174 de
414 2149 531 2181 Avesnis,
561 2149 593 2174 de
617 2158 669 2183 quo

733 1712 847 1738 conseras
875 1713 1008 1745 Robricht,
1039 1714 1162 1748 Baio-age,
1185 1722 1216 1746 11,

735 1761 791 1784 327.
827 1753 923 1778 Praeter
956 1753 1001 1778 hos
1030 1754 1118 1779 amstor
1144 1762 1216 1779 men-

732 1792 828 1817 tionem
846 1791 904 1817 facit
919 1792 1024 1817 fratrum
1042 1793 1070 1825 ij,
1089 1793 1215 1826 Eustachij

733 1831 823 1857 scilicet
841 1832 866 1856 δι
879 1831 1022 1858 Godofredi
1041 1833 1074 1857 de
1092 1832 1218 1866 BuUione,

732 1879 839 1905 quorum
854 1871 921 1905 prior
934 1871 958 1896 in
973 1880 1058 1905 pugna
1074 1872 1175 1898 cecidit.

770 1920 782 1942 3
795 1911 922 1943 Martine,
931 1910 1002 1943 Thes.
1014 1913 1146 1944 Anecd.,v,
1154 1915 1215 1946 8⁷35

732 1950 854 1982 Ponhast,
883 1950 988 1984 Regesta,
1014 1956 1046 1976 n⁰
1068 1960 1156 1985 47275
1184 1952 1217 1977 ci.

734 1987 861 2022 Matzner,
885 1999 908 2024 p.
934 1995 972 2023 ις’.
995 1991 1036 2016 De
1058 1992 1153 2017 Iacobo
1174 1991 1217 2016 Vi-

733 2029 853 2061 trJacenfi,
882 2036 972 2064 praeter
994 2031 1119 2056 Matzneri
1144 2031 1218 2065 opus-

732 2070 815 2096 culum
830 2071 969 2104 egregium,
984 2070 1080 2096 videas:
1095 2071 1155 2104 Hist.
1169 2070 1215 2097 lin.

731 2111 762 2135 de
777 2110 878 2140 France,
896 2117 975 2142 xvnr,
997 2112 1125 2143 209-246;
1141 2110 1217 2136 Ville-

732 2149 867 2181 hardonin,
882 2150 920 2175 ed.
935 2151 977 2176 Du
991 2151 1088 2185 Cange,
1102 2153 1160 2182 318.

1071 2189 1092 2225 b
