1624 2788
399 261 464 301 128
687 267 879 294 IOHANNES
896 268 947 294 m:
964 268 1111 295 Tuum

279 378 379 432 iuni²2¹3⁹.
441 377 535 413 XXV
539 379 582 412 ΠΙ.
610 379 643 412 {n
668 377 779 426 vigilia
800 378 908 413 Sanffl
933 378 1084 414 Iohannis
1101 379 1238 427 Baptiste
1258 378 1332 427 post
1352 379 1419 414 ves-

391 444 484 479 peras
498 442 656 466 venerunt
669 430 757 465 iuxta
771 429 924 466 foffatum
936 431 1083 467 nostrum
1095 432 1160 468 fere
1174 433 1317 479 quinque
1331 431 1419 468 milia

391 485 522 533 Pagani,
548 485 582 519 &
603 485 700 520 exivit
721 485 803 519 inter
823 498 880 520 eos
900 484 1053 525 dominus
1077 486 1234 521 lohannes
1260 485 1302 520 de
1323 486 1421 520 Areia

391 551 466 574 cum
486 550 627 585 quatuor
648 537 751 582 sociis,
771 539 805 572 &
824 538 899 573 fecit
917 551 1075 587 magnam
1093 538 1318 586 prudenciam,
1344 539 1421 586 quia

391 605 507 628 omnes
524 593 597 627 illos
613 592 749 641 fugavit,
767 593 802 627 ὃ(
819 604 965 627 mortuus
983 593 1043 627 fuit
1060 606 1141 628 unus
1161 592 1202 627 de
1220 593 1344 627 nostris.

439 646 552 681 XXIX.
584 648 617 680 ln
647 645 707 680 illis
735 644 847 681 diebus
875 647 1022 694 precepit
1046 646 1201 681 dominus
1226 646 1364 695 legatus,
1387 658 1422 681 ut

391 712 507 734 omnes
533 700 719 747 acciperent
740 700 973 747 penitenciam,
1007 701 1083 746 quia
1109 699 1252 743 volebat,
1278 712 1336 735 eos
1361 713 1421 748 pu-

390 766 492 801 gnare
509 766 586 787 cum
603 754 785 788 Sarracenis
802 753 836 787 in
854 766 987 801 camp0‚
1004 755 1039 788 ὃς
1056 766 1185 788 currum
1203 753 1326 788 saecum
1343 765 1421 798 erat,

391 806 446 842 ubi
459 807 612 842 vexillum
625 806 883 842 Christianorum
898 820 1022 854 ponere
1037 805 1210 842 debebant.
1225 808 1320 843 Tunc
1332 809 1420 856 prin-

391 861 479 907 cipes
493 861 592 895 nostri
605 860 775 896 confilium
792 860 985 905 habuerunt,
1006 860 1097 908 quod
1112 873 1180 895 non
1194 860 1269 896 esset
1282 861 1420 906 bonurn,

391 926 539 962 pugnare
562 915 594 949 in
620 927 754 962 campo,
782 915 859 962 quia
884 913 1059 962 oportebat
1080 928 1227 963 pugnare
1250 915 1284 950 in
1310 915 1421 949 civita-

392 981 459 1003 tem
485 969 518 1003 &
551 969 674 1003 servare
700 967 854 1002 fossatum
876 968 1030 1012 nostrum,
1056 969 1090 1003 &
1119 981 1195 1003 cum
1221 967 1359 1004 soldano
1388 967 1421 1002 in

394 1034 527 1069 campo,
551 1023 585 1056 δε
603 1034 663 1068 pro
682 1034 888 1068 unoquoque
908 1021 1094 1056 Christiano
1112 1033 1203 1057 erant
1219 1021 1423 1069 septuaginta

393 1076 522 1124 pagani,
539 1076 574 1110 &
593 1073 634 1109 fic
651 1087 719 1109 non
737 1074 890 1110 valebant
905 1087 1052 1123 pugnare
1069 1087 1146 1110 cum
1164 1076 1218 1110 eis.

305 1140 346 1162 ιιι.
359 1139 379 1162 8.
442 1129 543 1164 XXX.
572 1131 604 1163 ln
627 1130 747 1164 ofiavo
766 1127 819 1163 die
839 1128 904 1172 lulij
924 1141 1083 1164 venerunt
1105 1141 1182 1164 cum
1198 1127 1343 1172 chochis,
1368 1126 1423 1162 ubi

393 1195 485 1220 erant
499 1182 592 1227 scale,
611 1183 645 1217 &
658 1193 826 1216 erexerunt
843 1181 886 1216 ad
902 1183 1012 1217 menia
1024 1182 1160 1217 civitatis
1180 1194 1238 1229 per
1249 1180 1372 1216 flumen
1389 1182 1424 1216 &

392 1248 620 1285 pugnaverunt
632 1248 690 1283 per
705 1234 788 1270 duos
801 1234 869 1270 dies
882 1247 958 1269 cum
971 1236 1029 1276 eis,
1046 1236 1080 1269 ὅ(
1094 1235 1303 1283 paganicum
1318 1246 1423 1282 petra-

391 1292 442 1326 riis
460 1291 495 1325 &
508 1288 695 1324 tribuchetis
713 1289 837 1336 &igne
851 1289 882 1324 se
895 1287 1124 1332 defenderunt,
1137 1290 1172 1323 &
1187 1288 1285 1323 scalas
1300 1287 1423 1322 nostras

391 1357 449 1392 per
474 1343 580 1391 plures
608 1343 694 1377 vices
720 1340 911 1377 videbamus
942 1340 1156 1387 comburere3
1183 1341 1249 1376 hoc
1277 1340 1451 1376 videntesf-
1467 1355 1495 1378 3²
1507 1348 1528 1370 b·

392 1397 564 1433 Christiani
577 1396 707 1444 plorare
721 1408 888 1443 ceperunt,
901 1396 936 1430 ὅ(
947 1394 1193 1442 prosternebant
1206 1395 1281 1429 sein
1295 1407 1377 1430 terra
1390 1395 1424 1429 &

393 1450 526 1486 osculati
543 1461 635 1484 erant
649 1461 723 1483 eam
737 1450 771 1483 δε
785 1461 908 1484 nomen
923 1448 1062 1483 Domini
1074 1447 1275 1484 invocabant
1288 1449 1323 1482 &
1337 1446 1424 1482 dice-

390 1503 489 1540 bant:
517 1505 648 1538 ‘Domine
674 1503 759 1548 Iliesu
787 1503 915 1547 Christe,
942 1505 993 1547 qui
1016 1503 1148 1548 liberasti
1169 1515 1229 1536 tres
1248 1515 1361 1547 pueros
1388 1502 1425 1535 de

391 1561 509 1592 camino
527 1560 610 1604 ignis
628 1558 763 1591 ardentis
773 1561 839 1604 sine
852 1557 916 1590 ulla
929 1557 1035 1603 lefione
1051 1555 1109 1601 (cf.
1126 1556 1224 1600 Dan„
1241 1564 1266 1599 1,
1281 1555 1314 1599 6,
1331 1555 1424 1601 seq),

385 1615 438 1657 fic,
459 1613 602 1654 Domine,
629 1611 724 1645 libera
738 1611 845 1656 servos
868 1610 949 1644 ‘Tuos
972 1611 1009 1643 de
1037 1612 1118 1644 omni
1142 1609 1234 1651 malo,
1263 1621 1295 1642 ut
1318 1622 1376 1643 non
1394 1609 1425 1651 se

391 1665 520 1700 exultent
534 1666 681 1710 Pagani!

441 1717 556 1752 XXXI.
577 1716 611 1752 Et
630 1714 688 1763 ipsi
706 1728 860 1763 ceperunt
881 1716 987 1751 facere
1004 1714 1142 1763 signum,
1160 1716 1195 1750 &
1214 1713 1317 1752 subito
1335 1715 1424 1750 venit

393 1771 547 1806 soldanus
573 1782 649 1804 cum
676 1768 860 1813 Coradino‚
888 1770 922 1804 &
947 1781 1024 1804 cum
1049 1766 1200 1805 omnibus
1230 1768 1290 1802 suis
1321 1767 1426 1815 genti-

393 1822 452 1858 bus
472 1824 504 1859 in
532 1822 686 1858 fossatum
703 1821 878 1865 intrabant,
902 1822 947 1865 &‚
972 1833 1096 1868 quanto
1119 1833 1180 1856 nos
1204 1820 1306 1855 acrius
1325 1833 1424 1867 expu-

392 1874 575 1923 gnabamus
594 1888 651 1922 per
671 1887 798 1918 terram,
819 1885 910 1909 tanto
926 1874 1032 1922 magis
1046 1873 1222 1921 expugnati
1240 1885 1366 1907 eramus
1382 1871 1425 1907 ab

392 1930 438 1963 eis
455 1929 488 1964 in
507 1928 652 1972 chochis,
678 1929 712 1963 &
738 1927 780 1962 ad
803 1925 957 1962 fossatum
984 1927 1104 1961 mortui
1129 1925 1365 1973 aliquantulum
1383 1924 1425 1961 de

393 1982 589 2022 Christianis.
619 1982 652 2016 Et
674 1993 750 2016 tunc
775 1980 910 2027 quidam
927 1980 1119 2014 Sarracenus
1137 1979 1225 2015 venit
1240 1978 1282 2013 de
1298 1978 1374 2014 villa
1390 1979 1425 2013 ὅ(

393 2034 483 2080 dixit,
500 2034 593 2082 quod
611 2035 732 2070 mortui
745 2046 847 2078 erant,
865 2035 899 2068 &
912 2033 1071 2069 vulnerati
1087 2034 1172 2068 intus
1191 2033 1272 2067 ultra
1287 2032 1375 2066 mille
1389 2033 1424 2066 &

394 2089 588 2136 offlingenti,
606 2089 641 2123 &
658 2088 787 2136 Pagani,
807 2087 861 2134 qui
879 2099 970 2121 erant
989 2086 1026 2120 -in
1040 2098 1161 2133 campo
1179 2097 1255 2120 cum
1273 2084 1423 2131 soldano,

393 2140 584 2176 defecerunt
603 2141 636 2174 in
655 2140 803 2187 quintam
820 2151 958 2187 partem.
