1624 2788
407 174 495 220 xlviij
809 183 1031 210 PRAEFATm.

816 322 1043 348 ADDBNDA.

448 407 484 439 P.
499 409 557 448 xix,
570 417 634 440 nota
650 418 717 440 2.-
723 408 844 440 Turrim
856 409 1042 448 maritimam,
1052 409 1084 439 de
1097 419 1153 449 qua
1166 407 1299 438 nonnulla
1313 407 1441 451 disputa-

407 455 509 496 vimus,
529 468 621 488 unam
646 457 775 499 habuffl
789 464 927 496 catenam,
933 458 1009 502 satis
1031 464 1154 498 apparet
1166 469 1199 488 ex
1212 457 1309 488 verbis
1322 455 1443 487 aumris

408 506 521 536 arabici
534 506 638 537 Khalil
656 506 788 545 Dhaher‚
802 518 865 546 quae
888 506 1020 545 Silvestre
1037 506 1070 536 de
1091 505 1169 547 Sacy,
1184 504 1442 541 (Chrestomathie

408 555 508 593 arabe,
529 555 591 586 edit.
606 564 635 594 2,
654 555 738 594 1826,
752 555 798 594 II,
807 563 838 596 p.
856 557 882 596 7)
902 556 990 586 vertit
1001 567 1013 586 .-
1032 568 1044 583 ‹
1055 555 1101 586 En
1115 562 1156 585 cet
1167 554 1276 585 endroit
1278 554 1348 598 sont
1362 554 1442 584 deux

411 617 422 631 «
441 611 527 635 tours
547 605 641 643 baties,
662 604 742 635 l’une
764 605 836 635 dans
856 605 1009 643 Damiette,
1029 604 1136 634 l’autre
1156 615 1189 634 en
1202 603 1270 644 face
1290 603 1323 634 de
1340 602 1445 634 celle-ci

411 666 422 680 «
433 653 493 696 sur
507 653 538 684 la
551 654 615 684 rive
634 653 796 684 occidentale
817 653 855 683 du
870 653 934 684 Nil.
963 652 1019 683 Les
1042 652 1197 694 vafflaux
1219 652 1267 693 qui
1274 664 1294 693 y
1306 657 1447 694 prennent

410 714 422 729 α
442 708 526 740 terre,
537 702 653 744 paffint
676 709 750 733 entre
769 714 809 733 ces
830 703 902 732 deux
922 709 1007 739 tows,
1024 701 1183 742 auxquelles
1199 702 1237 741 est
1254 700 1377 732 attae-hie
1392 711 1445 730 une

412 763 423 778 «
442 750 548 790 chame,
562 751 619 792 afin
642 751 781 791 qu’aucun
807 751 941 782 batiment
956 762 989 781 ne
1006 750 1100 791 puffl
1113 762 1133 791 y
1150 749 1254 791 pafflr
1265 750 1340 794 sans
1360 748 1445 780 avoir

413 812 423 827 «
443 801 538 830 obtenu
559 799 591 830 la
601 799 758 842 permffon
780 801 818 830 du
841 800 1038 830 commandant
1056 799 1089 830 de
1107 799 1137 829 la
1153 798 1244 839 place.
1257 811 1268 826 ›
1293 798 1370 828 Haec
1392 809 1444 827 non

409 848 613 890 confirmantur
621 849 731 890 gallica
745 848 868 891 verfione
889 847 1059 879 Relationis
1079 847 1164 886 illius,
1185 847 1338 878 Innocentio
1352 846 1409 878 III
1427 857 1446 877 a

407 897 579 939 patriarcha
601 897 855 942 Hierosolymitano
881 896 1046 937 (Monacho)
1075 896 1167 937 miff'ae
1197 896 1304 938 (Hopj,
1326 896 1445 928 Chron.

412 947 608 987 greco-rom„
623 946 683 987 33).

451 1007 487 1038 P.
501 1007 560 1048 xxj,
575 1019 602 1039 n.
616 1018 645 1047 4.
665 1007 724 1046 Eis,
739 1018 800 1048 quae
821 1008 853 1038 de
875 1009 944 1039 urbe
964 1009 1119 1047 Damiata,
1133 1015 1165 1050 p.
1183 1008 1223 1048 ἥγ’,
1243 1014 1308 1038 nota
1319 1016 1350 1047 4,
1365 1013 1445 1037 nota-

411 1056 515 1094 vimus,
529 1055 656 1086 addatur
665 1067 675 1086 .·

453 1105 502 1135 De
516 1104 673 1135 commercio
687 1104 766 1135 urbis
781 1104 943 1144 Damiatae,
957 1105 1064 1147 saeculis
1078 1104 1148 1137 XV
1168 1106 1202 1136 δέ
1225 1104 1262 1135 Χ
1263 1103 1310 1136 VI
1313 1104 1446 1146 florente,

413 1154 543 1195 confiras
556 1153 668 1184 Gilbert
681 1153 713 1183 de
726 1152 842 1195 Lannoy
855 1152 995 1184 OEuvres
1012 1154 1064 1194 (ed.
1078 1154 1192 1192 Potvin,
1203 1153 1338 1184 Louvain
1352 1151 1448 1193 1878),

411 1210 441 1244 p.
456 1201 737 1243 130-139‚&Heyd,
745 1201 930 1233 Geschichte
940 1202 992 1233 des
1001 1202 1267 1233 Levantehandels
1275 1201 1316 1232 im
1326 1200 1450 1232 Mittel-

414 1252 501 1291 alter,
512 1251 610 1291 Stuttg.
629 1250 713 1291 1879,
728 1250 755 1290 I,
768 1259 827 1291 423
833 1251 925 1296 seqq.,·
941 1251 985 1290 II,
995 1251 1015 1283 6
1020 1252 1112 1295 seqq.;
1124 1251 1183 1291 428
1189 1251 1269 1295 seqq.

457 1312 493 1344 Ρ.
509 1321 557 1352 25,
572 1312 620 1342 lin.
635 1311 718 1343 8-10.
727 1330 765 1334 ——
778 1312 925 1351 Sententia,
939 1324 1023 1353 quam
1042 1324 1120 1353 eques
1130 1312 1293 1354 christianus
1302 1311 1451 1353 protulzffi

406 1362 522 1402 fertur,
543 1360 637 1402 primo
662 1372 680 1391 a
703 1360 801 1391 Iacobo
823 1361 855 1391 de
885 1360 915 1392 V
911 1361 1010 1391 itriaco
1031 1361 1140 1392 tradita
1151 1360 1249 1402 suff
1278 1360 1391 1398 dicitur,
1411 1359 1451 1390 his

415 1410 522 1441 verbis:
539 1422 551 1438 ‹
566 1409 594 1440 O
610 1410 674 1440 bone
688 1409 808 1448 morelle,
814 1416 868 1450 per
882 1410 985 1441 multas
999 1410 1088 1441 dietas
1096 1409 1226 1441 velociter
1233 1409 1262 1440 in
1273 1409 1387 1450 guerris
1395 1409 1449 1449 (δ’)

416 1458 554 1500 tyrociniis
561 1458 679 1500 portasti
691 1469 733 1489 me
747 1466 845 1489 contra
853 1459 949 1490 Deum
963 1459 1065 1504 versus
1074 1459 1217 1501 infernum
1225 1474 1238 1494 ,·
1253 1459 1328 1489 modo
1339 1458 1451 1489 emenda

418 1507 496 1546 mihi,
507 1514 539 1537 ut
549 1506 602 1538 hac
614 1518 673 1538 una
688 1507 731 1538 die
737 1514 831 1549 portes
844 1519 885 1538 me
898 1509 927 1538 in
940 1507 1115 1552 Paradisum
1125 1507 1158 1538 J»
1177 1507 1300 1548 (Eiiennc
1315 1507 1348 1538 de
1357 1507 1452 1538 Bour-

421 1557 482 1595 bon,
497 1556 538 1586 kd.
553 1555 639 1596 Lecoy
651 1556 684 1586 de
698 1555 728 1587 la
742 1555 882 1596 Marche,
899 1557 985 1588 Paris
1002 1557 1086 1598 1877,
1097 1563 1126 1597 p.
1141 1560 1200 1597 92).

458 1618 493 1649 P.
510 1618 572 1650 181.
589 1637 626 1640 —
643 1618 703 1649 Pro
724 1618 859 1658 Dausan,
880 1619 956 1660 legas
974 1618 1089 1649 Bausan
1112 1618 1145 1649 id
1159 1619 1194 1660 est
1210 1617 1376 1649 Beauseans
1386 1617 1453 1659 five

417 1666 628 1708 templariorum
644 1667 790 1698 vexillum
813 1667 975 1698 balzanum
981 1683 993 1703 ;
1010 1667 1048 1708 cf
1073 1666 1142 1709 Jac.
1155 1667 1188 1697 de
1206 1666 1236 1698 V
1232 1667 1292 1705 itr.,
1306 1665 1383 1696 Hist.
1398 1677 1453 1705 or.,

414 1722 443 1755 p.
462 1715 526 1753 118,
551 1715 750 1754 Innominatus,
772 1719 803 1745 n⁰
832 1715 863 1747 V
881 1715 1058 1755 (Neumann,
1083 1714 1335 1756 Pilgerschriften,
1359 1714 1454 1752 Wim,

423 1763 507 1802 1866,
521 1764 608 1804 in-8),
618 1772 648 1806 p.
663 1765 729 1804 264.
