1624 2788
368 249 412 295 38
827 255 953 282 GESTA

250 372 308 395 1218
366 364 760 412 mittebat.Navesitaque
770 365 815 400 sui
827 363 1039 413 gubernaculi
1053 365 1144 400 steno
1162 376 1306 400 carentes
1319 377 1395 400 cum

365 419 517 467 procellis
530 430 619 466 rapte
634 419 705 455 sunt
716 420 750 453 &
764 418 806 453 ad
817 418 958 453 diversos
971 430 1084 466 portus
1095 417 1280 465 querendos
1293 418 1395 467 longe

363 472 493 519 lateque
515 471 587 506 sunt
605 471 752 519 disperse.
784 473 827 506 At
852 483 961 506 tamen
981 471 1160 506 Nuffienses
1177 484 1254 506 cum
1283 473 1395 519 paucis

363 524 500 560 navibus
514 526 556 560 ad
566 526 782 559 vocacionem
795 525 927 572 patroni
939 525 985 559 sui
998 523 1084 559 beati
1099 525 1230 572 Quirini
1240 525 1394 559 aliorum—

364 591 428 625 que
445 578 631 613 santstorum
648 579 839 622 interventu,
862 577 951 625 apud
969 577 1107 612 insulam
1123 590 1229 625 prope
1243 578 1394 613 Minorke

363 632 548 680 Kiporoure
562 638 570 654 ¹
585 631 717 675 distam,
731 632 892 667 Saraceno
911 631 1122 675 monstrante,
1137 643 1238 677 quem
1257 631 1394 677 quidam
1408 642 1492 673 v.,f.5
1503 648 1567 671 vm.
1584 650 1603 666 ι.

217 697 288 727 April.
299 703 333 726 13.
364 685 569 720 detinuerant
581 685 760 732 captivum,
778 696 913 732 portum
925 685 958 718 in
973 684 1142 719 Parasceve
1157 683 1291 718 feliciter
1303 683 1392 719 adie-

363 751 445 774 runt.
461 739 691 786 Confugerant
708 750 818 772 autem
830 749 1028 772 mercatores
1042 736 1084 771 ad
1097 737 1243 772 eundem
1261 749 1394 784 portum

217 798 334 828 ΑΡτῑΙ-ις-
365 791 410 827 ob
427 791 569 826 eandem
587 791 727 834 causam,
754 791 810 837 qui
829 790 1001 825 nobiscum
1025 791 1058 824 in
1081 790 1134 825 die
1151 791 1266 825 Pasche
1293 791 1393 826 sacra-

365 845 481 881 tiffimo
510 845 671 880 christiani
696 845 829 893 corpori
858 846 892 879 ὃ(
920 845 1068 892 sanguini
1094 845 1390 879 communicarunt.

216 909 280 940 April
302 909 336 932 ιε.
365 898 511 934 Secunda
526 899 614 942 feria,
628 897 816 933 dustoribus
829 897 869 932 ab
884 898 1006 932 eisdem
1018 899 1170 945 acceptis,
1186 897 1306 946 gressus
1321 899 1394 933 nos-

365 965 431 987 tros
447 952 554 987 versus
572 950 750 986 Meffanam
768 951 835 986 leto
853 950 940 999 pede
957 950 1140 994 direximus,
1166 952 1394 999 venientesque
1408 965 1443 993 3.,
1455 973 1474 994 ρ,
1486 971 1540 994 227,
1551 972 1570 987 e„
1581 971 1604 987 ι.

364 1018 470 1053 prope
495 1005 637 1040 Siciliam
662 1004 771 1040 divina
787 1005 941 1052 potencia
972 1005 1069 1039 totius
1092 1003 1172 1039 boni
1197 1005 1302 1049 caula,
1330 1017 1395 1052 que

362 1060 428 1094 iam
445 1071 506 1093 nos
528 1071 686 1105 aquarum
707 1060 742 1093 &
763 1059 843 1093 ae'ris
861 1058 1096 1092 commocione
1123 1056 1292 1092 tribulatos
1317 1071 1395 1106 pro-

363 1112 507 1155 baverat,
527 1112 599 1146 suos
617 1111 724 1147 adhuc
742 1112 819 1160 igne
836 1111 991 1159 castigate
1008 1110 1227 1158 disponebat3
1245 1112 1396 1159 proxima

213 1173 282 1204 April⁴
297 1180 333 1204 23-
364 1178 507 1213 namque
523 1168 620 1200 noste
638 1165 710 1212 post
734 1167 866 1200 o6'tavas
892 1164 1006 1199 Pasche
1026 1165 1272 1200 coruscaciones
1290 1163 1395 1199 subito

363 1220 456 1267 super
474 1231 535 1254 nos
548 1231 618 1252 orte
631 1219 713 1263 sunt,
726 1220 761 1253 &
774 1231 851 1253 ecce
867 1219 1004 1253 tonitrus
1016 1219 1050 1253 in
1064 1219 1146 1254 sono
1160 1231 1200 1253 ac
1212 1230 1306 1253 motu
1319 1231 1395 1253 acu-

364 1273 494 1308 tiffimus
513 1285 628 1306 omnes
646 1273 770 1307 nostros
789 1273 821 1307 in
846 1271 978 1307 extasim
996 1273 1113 1320 rapuit,
1131 1273 1165 1306 δε
1184 1272 1294 1318 aliqui,
1312 1284 1395 1319 quos

363 1325 492 1362 deditos
526 1326 643 1360 somno
685 1324 891 1373 putabamus,
929 1326 963 1359 in
997 1326 1147 1360 Domino
1180 1324 1394 1369 dormierunt,

363 1380 456 1414 multi
473 1380 578 1414 eciam
594 1392 634 1414 ex
652 1379 827 1414 fulminum
843 1378 1021 1414 ustionibus
1039 1379 1203 1414 cicatrices
1220 1379 1254 1414 in
1265 1391 1394 1414 memo-

361 1433 426 1468 rale
446 1434 629 1480 perenniter
646 1444 828 1468 tenuerunt.

574 1552 617 1587 V.
638 1555 688 1587 ‘De
705 1554 898 1599 expedicione
917 1554 958 1586 ad
975 1555 1166 1587 Damiuram.

409 1647 510 1681 Anno
535 1646 644 1694 gracie
669 1644 838 1680 millesimo
863 1643 1086 1680 ducentesimo
1113 1647 1232 1679 oelavo
1260 1643 1390 1680 decimo

361 1711 533 1748 coggones
554 1698 806 1734 innumerabiles
832 1698 874 1733 ad
890 1710 1026 1745 portum
1039 1697 1271 1733 Achonensem
1286 1698 1391 1746 appli-

360 1765 507 1798 cuerunt,
526 1752 590 1788 {ine
607 1751 723 1800 quibus
741 1765 810 1787 non
828 1751 1023 1800 expediebat
1046 1752 1221 1787 exercitum
1238 1751 1390 1787 navalem

360 1808 394 1841 in
411 1806 573 1855 Egyptum
590 1806 737 1855 dirigere.
756 1806 822 1841 Rex
840 1807 874 1840 &
886 1805 1068 1853 patriarcha
1081 1817 1158 1839 cum
1173 1804 1253 1839 flore
1267 1806 1390 1840 Austrie

361 1859 635 1907 hospitalibusque
644 1862 679 1895 &
692 1860 867 1907 templariis
881 1858 1014 1893 consilio
1025 1859 1159 1906 Spiritus
1168 1859 1276 1894 Samsti
1290 1871 1386 1907 expe·
1404 1869 1444 1897 v.,
1453 1868 1470 1892 f.
1478 1875 1490 1900 5
1501 1870 1534 1898 vo,
1551 1877 1598 1892 m.

361 1913 529 1949 dicionem
546 1915 579 1948 in
592 1913 816 1959 Babyloniam,
834 1911 899 1947 fide
913 1911 1111 1960 interposita,
1129 1923 1300 1957 voverunt,
1318 1925 1389 1959 pre-

361 1967 497 2016 figentes
513 1968 701 2016 peregrinis,
718 1967 774 2014 qui
792 1966 934 2014 pericula
945 1967 1040 2001 maris
1050 1966 1176 2014 plenius
1187 1966 1308 2013 experti
1319 1966 1391 2000 sunt

360 2021 491 2065 itineris,
503 2027 517 2043 ²
538 2019 666 2055 labores
687 2021 722 2055 in
739 2019 1000 2055 exaltacionem³
1019 2020 1128 2054 sanste
1156 2019 1269 2054 crucis.
1293 2017 1391 2055 Unde

399 2107 408 2122 ι
430 2099 457 2123 V.
472 2098 574 2132 Biporo.
590 2112 623 2117 -
638 2108 652 2123 ι
667 2097 845 2123 Codd..·iterini
908 2097 992 2132 cione)
1013 2099 1036 2124 S.
1055 2097 1150 2123 Crucis.
1168 2111 1202 2116 —
1224 2106 1236 2129 3
1257 2098 1285 2122 V.
1304 2105 1391 2131 quum.

361 2138 453 2165 laboris
480 2138 660 2164 exaltacionem
683 2137 727 2171 (V.
752 2137 845 2163 exalta-
