1624 2788
82 674 266 704 Afiszaex.

77 2009 263 2039 ΑΕὸιῃεΛ..

500 237 550 263 DE
576 237 860 264 PREDICACIONE
886 240 909 265 S.
939 240 1078 266 CRUCIS.
1265 243 1305 278 17

281 361 404 398 magna
425 362 498 397 pars
518 348 610 397 pellis
628 348 711 383 inter
731 348 843 384 dentes
865 349 947 384 illius
965 350 1082 392 rustici,
1100 351 1135 385 δε
1151 351 1219 399 ipse
1235 365 1303 387 non

281 403 390 450 potuit
411 415 564 438 amovere
585 402 705 450 pellem
728 415 747 436 a
765 401 915 437 dentibus
932 405 966 438 &
982 404 1075 451 petiit
1090 404 1244 439 auxilium
1263 404 1304 440 ab

282 468 382 490 uxore
401 456 476 500 sua3
498 455 567 503 ipsa
588 468 697 490 autem
714 456 828 491 volens
849 469 925 491 eum
946 458 1055 492 iuvare
1072 470 1148 492 cum
1173 458 1303 493 cultello

280 521 378 543 acuto
395 507 529 544 abscidit
558 509 659 543 rustici
685 509 825 556 superius
842 508 973 545 labium.
1004 511 1153 546 Similiter
1169 512 1305 547 carnalis

280 562 432 609 voluptas
453 561 590 597 abscidit
613 561 655 597 ab
678 562 813 597 homine
831 562 986 598 delicioso
1013 565 1153 611 superius
1170 564 1303 610 labium,

280 609 399 650 scilicet
410 615 634 651 intencionem
651 615 693 650 ad
706 617 854 663 superna,
869 618 903 651 ὅ(
913 617 998 660 facit,
1014 617 1105 664 quod
1118 618 1221 652 homo
1235 631 1303 654 non

281 669 405 716 cogitat
417 667 459 703 de
472 669 558 712 Deo,
573 668 627 703 sed
641 668 683 703 de
697 670 751 713 eis,
766 682 830 716 que
844 671 932 704 carni
946 671 1093 717 placent3
1110 687 1128 702 α
1142 685 1212 706 caro
1226 675 1303 706 enim

279 724 460 769 concupistit
477 724 618 768 adversus
626 724 772 769 spiritum
789 738 807 753 υ
827 723 929 768 (Gal.‚
949 734 983 768 V,
1007 726 1073 770 17).

329 777 419 810 Item:
433 775 565 824 Sapiens
578 788 677 810 cocus
691 776 724 810 in
735 775 834 810 ollam
850 775 1015 811 sordidam
1025 779 1058 812 ὅ(
1069 777 1223 812 fetentem
1235 790 1303 812 tam

279 840 395 875 parum
407 829 513 875 ponit,
525 827 604 862 ficut
616 829 736 876 potest,
754 827 795 863 sic
808 830 841 863 ὃ(
855 828 959 863 homo
973 830 1092 877 peritus
1107 843 1173 866 tam
1187 844 1303 879 parum

278 882 374 928 ponit
398 883 431 917 in
450 895 597 918 ventrem
620 883 722 925 suum,
747 881 824 917 ficut
842 883 958 930 potest,
987 884 1063 930 quia
1088 886 1195 919 omnis
1213 884 1303 919 cibus

277 935 312 969 ὅ(
328 947 427 983 potus
444 937 478 970 in
494 948 607 971 ventre
626 936 797 983 peioratur.

328 990 428 1024 Item:
458 989 548 1024 Cum
573 989 677 1037 piscis,
705 989 762 1036 qui
780 989 896 1024 dicitur
913 989 1026 1033 lucius,
1053 992 1087 1025 &
1104 991 1147 1026 est
1162 992 1194 1025 in
1213 992 1302 1038 aquis

277 1039 356 1076 ficut
371 1041 476 1090 lupus,
495 1041 611 1078 viderit
635 1054 711 1085 rete,
742 1042 814 1090 figit
839 1043 870 1077 se
886 1044 919 1077 in
937 1043 1040 1078 lutum
1058 1045 1103 1086 &‚
1128 1044 1203 1079 licet
1219 1057 1302 1092 pun-

277 1107 383 1142 gatur,
412 1107 481 1130 non
508 1093 605 1130 exibit
625 1095 667 1130 ad
685 1107 771 1140 rete,
802 1094 843 1130 fic
861 1095 949 1131 dives
966 1098 1000 1131 &
1017 1096 1198 1140 deliciosus,
1226 1110 1302 1132 cum

278 1147 394 1183 viderit
411 1161 552 1192 crucem,
571 1148 643 1196 figit
660 1149 691 1183 se
703 1149 736 1183 in
750 1161 890 1183 terrenas
903 1149 1087 1197 voluptates
1100 1152 1134 1185 ὅ(
1148 1151 1300 1194 carnales,

278 1200 365 1248 quasi
380 1207 388 1223 ¹
403 1202 433 1236 in
451 1202 567 1245 lutum,
592 1203 626 1236 ὅ(
642 1202 718 1236 licet
736 1215 755 1236 a
772 1201 1026 1249 predicatoribus
1044 1216 1102 1250 per
1118 1204 1302 1238 sermonem

277 1255 341 1289 Dei
353 1267 528 1303 pungatur,
546 1268 614 1290 non
628 1254 726 1290 exibit
742 1255 785 1290 ad
803 1268 868 1290 rete
882 1257 955 1300 Dei,
973 1256 1092 1291 scilicet
1104 1257 1146 1291 ad
1161 1270 1301 1292 crucem.

326 1310 426 1343 Item:
452 1308 565 1356 Magni
588 1309 689 1355 pisces
711 1321 779 1343 non
803 1309 965 1344 transeunt
984 1322 1041 1357 per
1058 1309 1204 1345 medium
1222 1323 1300 1353 rete,

276 1360 331 1396 sed
354 1362 441 1409 capti
463 1374 680 1409 permanent;
710 1361 751 1396 sic
772 1361 887 1398 divites
910 1375 977 1397 non
996 1364 1218 1410 pertranseunt
1235 1376 1302 1399 rete

277 1411 410 1458 diaboli,
429 1414 485 1450 sed
501 1417 588 1463 capti
605 1427 776 1450 remanent
792 1415 825 1449 in
841 1428 892 1451 eo,
912 1416 999 1451 Parvi
1012 1430 1090 1452 vero
1108 1417 1208 1464 pisces
1229 1431 1301 1465 per-

278 1467 440 1502 transeunt
465 1480 532 1503 rete
549 1470 583 1503 &
600 1468 760 1517 effugiunt
784 1468 826 1503 ad
848 1469 996 1514 salutem3
1028 1468 1069 1504 fic
1090 1471 1124 1504 &
1142 1483 1301 1518 pauperes

277 1521 499 1566 pertranseunt
517 1523 754 1569 temptaciones
775 1521 897 1557 diaboli
914 1524 948 1557 &
960 1523 1095 1558 veniunt
1114 1522 1155 1558 ad
1172 1536 1302 1558 crucem

276 1574 311 1607 ὅ(
327 1571 368 1607 fic
388 1573 432 1608 ad
445 1574 565 1618 Deum,
585 1575 642 1622 qui
660 1575 703 1610 est
720 1577 834 1610 auctor
854 1575 970 1610 salutis.
986 1576 1075 1611 Retia
1093 1575 1215 1611 diaboli
1231 1577 1303 1612 sunt

276 1627 353 1674 gula
374 1628 407 1662 δε
429 1627 565 1672 luxuria,
592 1627 750 1676 superbia,
781 1628 912 1672 invidia,
943 1630 1092 1672 avaricia,
1123 1629 1299 1672 iracundia,

276 1681 463 1727 periurium,
484 1681 599 1716 falsum
616 1682 847 1725 testimonium,
867 1682 979 1730 lingua
996 1682 1148 1726 mendax,
1165 1685 1227 1718 &c.

325 1735 404 1768 Item
419 1750 426 1769 ι
444 1734 537 1769 Multi
551 1734 631 1769 dant
643 1747 749 1770 totum
767 1734 882 1770 florem
896 1735 988 1770 etatis
1006 1735 1058 1770 sue
1072 1735 1206 1771 diabolo
1221 1738 1254 1771 &
1268 1739 1300 1772 in

276 1785 342 1821 fine
361 1786 440 1821 dant
459 1787 559 1822 furfur
578 1789 674 1833 Deo3
695 1789 859 1823 Dominus
886 1789 974 1823 enim
992 1801 1048 1836 per
1076 1790 1163 1823 suam
1182 1790 1302 1824 miseri-

279 1838 426 1874 cordiam
446 1841 645 1876 meretricem
663 1841 874 1876 inveteratam
891 1842 925 1876 &
942 1854 961 1876 a
974 1841 1100 1876 mundo
1114 1841 1300 1890 despefiam

277 1891 320 1927 ad
338 1893 370 1927 se
387 1894 573 1929 venientem
591 1894 704 1941 recipit
728 1894 829 1942 (Luc.‚
849 1904 912 1937 VII,
929 1904 1051 1942 37-503
1075 1897 1198 1939 {oann.,
1218 1906 1297 1940 VIII,

277 1955 295 1992 3
305 1945 401 1993 seq.)‚
416 1947 491 1993 quia
499 1946 577 1982 dicit
585 1948 758 1992 Dominus,
774 1963 792 1979 «
804 1950 837 1983 In
851 1963 1019 1994 quacunque
1032 1952 1105 1984 hora
1114 1963 1266 1996 peccator,
1279 1965 1296 1980 υ

278 1999 311 2033 in
324 1998 434 2035 Ezech.
454 1999 582 2045 scilicet,
599 2010 667 2035 XIX
681 1999 803 2045 (XVIII,
819 2001 891 2050 23),
908 2018 925 2033 a
942 2004 1046 2048 ποῖα
1060 2017 1181 2038 mortem
1189 2017 1297 2050 pecca-

314 2109 322 2125 1
338 2103 361 2128 A
373 2112 480 2139 quoque.
