1624 2788
374 238 442 277 104
820 236 946 265 GEs‘rA

297 365 356 389 ηις
370 350 495 394 Christi.
524 355 534 371 ¹
568 348 623 383 [llo
643 355 658 371 ²
677 347 731 383 die
767 349 844 384 fecit
876 348 1029 384 soldanus
1063 349 1171 397 capita
1209 349 1402 384 Sannorum

370 403 533 438 excoriare
552 403 587 436 &
603 401 702 437 salare
723 403 758 437 &
775 400 858 436 mifit
874 415 931 437 eos
948 415 1007 450 per
1022 402 1209 451 provincias
1226 401 1403 447 Babylonie

370 455 531 491 dicendo:
554 457 590 489 Si
610 458 679 501 quis
704 457 768 491 vult
787 458 824 490 de
833 457 965 503 sclavis,
991 459 1092 491 veniat
1108 457 1138 490 δ’
1157 457 1258 498 tollat,
1277 468 1403 501 quantos

368 511 444 553 vult,
467 513 538 555 quia
549 512 708 556 principes
724 512 927 556 Qnmanorum
947 514 1057 545 mortui
1065 512 1147 557 sum,
1174 510 1205 544 θ’
1217 513 1269 555 qui
1287 522 1403 544 reman-

361 565 479 610 serunt,
491 565 606 609 fugere
622 563 732 597 volunt.

418 616 507 651 XLII.
537 616 631 651 Tunc
651 615 804 651 soldanus
826 616 1003 665 pepigebat
1025 629 1101 651 cum
1126 616 1266 652 domino
1291 617 1403 664 legato

370 672 404 705 &
434 668 634 717 principibus
670 669 940 715 Christianorum,
978 669 1033 705 sed
1066 670 1285 717 unusquisque
1315 668 1403 704 aliud

371 722 512 759 habebat
528 724 562 758 in
577 722 688 768 corde,
708 736 807 769 quam
825 722 978 758 dicebant
997 724 1030 757 in
1047 735 1116 768 ore,
1135 724 1213 770 quia
1229 723 1404 758 Christiani

370 779 404 812 in
421 778 575 826 proximo
592 776 725 824 navigio
743 775 959 824 expeClabant
977 777 1161 812 succursum
1174 783 1185 806 ³
1198 778 1232 811 δε
1250 776 1404 812 soldanus
1417 785 1476 808 Mur·
1488 793 1508 816 p·
1522 791 1589 814 ¹099·

371 830 591 875 receffionem,
621 830 697 876 quia
715 829 879 875 credebat,
907 830 1108 865 Christianos
1125 842 1262 878 propter
1278 841 1404 865 metum

372 883 531 920 recedere.

196 945 310 976 Septemb·
324 952 358 974 14
421 938 520 973 XLffl.
539 939 574 972 In
590 936 787 972 Exaltatione
804 937 913 972 sanae
930 937 1046 972 Crucis
1059 937 1222 985 principes
1235 937 1403 972 Romano-

373 1005 445 1026 rum
455 997 471 1020 4
482 992 517 1026 &
529 997 541 1020 5
554 990 726 1038 episcopus
751 991 906 1038 Ungarie‚
918 991 932 1013 ⁶
952 1002 1064 1025 comes
1093 992 1264 1035 Guaoerus,
1291 1003 1404 1025 comes

373 1045 550 1092 Oremgius
563 1045 597 1078 &
610 1042 694 1078 bene
710 1056 752 1079 xx
765 1043 854 1078 mille
871 1044 1031 1092 peregrini
1050 1042 1245 1078 recesserunt
1259 1043 1300 1078 de
1317 1056 1405 1079 exer-

372 1100 438 1134 citu
455 1099 490 1133 &
506 1109 679 1133 evacuatus
696 1096 857 1142 remansit,
875 1096 963 1132 unde
978 1096 1150 1132 Christiani
1167 1109 1283 1132 omnes
1296 1097 1369 1132 sunt
1391 1103 1405 1125 ⁷

371 1151 540 1201 perterriti,
564 1150 684 1198 Pagani
700 1152 735 1185 &
752 1151 919 1186 Sarraceni
936 1150 1064 1198 ingenti
1079 1150 1182 1185 letitia
1207 1150 1279 1185 sunt
1295 1148 1403 1198 gavisi.

373 1209 496 1241 Interea
510 1204 627 1240 virtute
645 1204 785 1238 Domini
802 1204 901 1239 nostri
921 1204 1007 1238 lhesu
1025 1203 1145 1239 Christi
1161 1204 1340 1239 Savarixius
1363 1203 1406 1238 de

371 1258 471 1304 Malli,
491 1258 503 1280 ⁸
523 1259 571 1294 vir
595 1259 756 1306 egregius,
781 1270 855 1293 cum
874 1270 973 1306 gente
990 1257 1046 1292 sua
1062 1258 1096 1292 &
1115 1270 1136 1292 x
1151 1257 1246 1305 galee
1272 1259 1405 1292 Ianuen-

372 1311 453 1347 sium
469 1313 503 1347 &
517 1311 610 1346 multi
623 1311 675 1356 alij
689 1312 853 1359 peregrini
864 1311 898 1346 in
918 1310 1126 1359 expeditione
1145 1322 1313 1346 venerunt.
1328 1311 1406 1346 Hoc

372 1366 417 1401 ita
431 1366 531 1410 samio,
549 1364 713 1410 soldanus,
732 1377 767 1399 ut
784 1364 947 1400 videretur
964 1363 1164 1399 Christianos
1182 1362 1355 1411 superasse,
1371 1365 1406 1399 &

374 1431 410 1454 ut
421 1419 540 1467 Pagani
552 1418 702 1454 libentius
715 1417 759 1454 ad
772 1417 1016 1466 expeditionem
1029 1416 1190 1465 proficisci
1203 1415 1370 1462 deberent,
1392 1424 1406 1446 ⁹

374 1473 513 1508 nuncios
531 1473 604 1507 suos
621 1485 680 1520 per
706 1485 822 1507 omnes
840 1472 1026 1519 provincias
1043 1471 1182 1519 Paganie
1207 1469 1290 1505 misit
1314 1470 1406 1505 huius

374 1525 467 1561 modi
484 1525 584 1561 verba
600 1526 802 1573 proferentes
816 1542 823 1560 :
844 1527 991 1572 Qisquis
1007 1527 1044 1559 de
1056 1526 1238 1570 Christianis
1247 1525 1408 1571 sclav0s¹0

374 1583 527 1625 acquz'rere
551 1580 691 1624 voluerit,
716 1581 756 1613 ad
779 1581 993 1626 expeditionem
1016 1579 1154 1612 accedere
1171 1578 1286 1620 debeat,
1305 1579 1408 1623 scien-

374 1644 429 1675 tes,
456 1635 526 1678 quia
546 1645 647 1666 omnes
666 1634 831 1677 Christiani
848 1635 958 1666 mortui
966 1632 1042 1678 sunt
1060 1631 1090 1665 6⁴
1107 1644 1207 1665 eorum
1216 1633 1404 1677 principes¹¹

408 1714 424 1754 ἰ
441 1730 466 1754 Ρ.
480 1730 555 1755 adan.-
574 1731 602 1755 In
617 1730 657 1755 die
674 1729 715 1755 ina
729 1728 801 1755 multi
820 1728 1015 1755 Christianorum
1034 1729 1138 1754 barones
1156 1727 1223 1762 capti
1237 1727 1300 1760 sunt,
1319 1726 1409 1752 scilieet

376 1769 526 1794 camerarius
541 1769 605 1803 regis
617 1768 730 1800 Francie,
742 1767 870 1802 episcopus
882 1768 986 1801 Belvafij
996 1769 1020 1793 δι
1030 1767 1106 1793 frater
1118 1767 1169 1793 eius
1179 1767 1312 1798 Iohannes,
1324 1774 1408 1792 comes

375 1809 407 1835 de
426 1809 574 1841 Belmo[n]t‚
587 1809 703 1834 dominus
719 1809 838 1834 Andreas
853 1808 884 1833 de
899 1807 992 1839 Baffes,
1010 1807 1146 1833 Anselmus
1159 1807 1191 1833 de
1207 1806 1305 1840 Bochit,
1320 1815 1409 1841 prepo-

377 1850 433 1875 situs
453 1851 555 1881 Comer,
579 1849 642 1874 filius
659 1849 787 1881 camerarii
806 1848 871 1882 regis
892 1849 912 1873 F
915 1848 997 1874 rancie
1011 1849 1035 1873 δι
1053 1856 1110 1873 cum
1131 1846 1184 1873 aliis
1201 1846 1331 1880 o&oginta
1352 1846 1409 1871 viris

377 1889 501 1915 nobilibus
514 1890 538 1914 δι
549 1889 723 1923 prudentibus,
731 1889 753 1914 &
766 1889 798 1913 de
809 1888 948 1914 sarracenis
959 1889 983 1914 δι
994 1888 1104 1922 Paganis
1114 1887 1306 1913 innumerabiles
1317 1885 1409 1912 mortui

377 1930 440 1955 sunt.
454 1929 520 1955 Viffi
535 1930 600 1955 enim
613 1929 714 1954 fuerunt
731 1928 861 1954 Christiani
876 1937 906 1954 eo
918 1928 967 1960 die,
988 1928 1049 1954 ficut
1065 1927 1158 1961 placuit
1173 1927 1294 1953 Domino.
1316 1927 1352 1952 Sit
1364 1935 1410 1952 no-

375 1977 433 1994 men
446 1969 497 1994 eius
511 1968 672 1994 benediblum
683 1968 707 1994 in
721 1968 812 1994 secula!
822 1982 853 1987 -—
872 1977 886 1992 2
898 1969 925 1993 P.
939 1976 983 1994 om.
996 1973 1089 1994 textum
1100 1967 1203 2001 nostrum
1221 1967 1254 1992 ab
1271 1966 1318 1992 1¹10
1338 1966 1411 2000 usque

378 2010 406 2034 In
420 2008 590 2034 Exaltatione.
603 2023 636 2028 —
657 2017 669 2040 3
686 2009 724 2034 M.
740 2008 879 2034 occursum.
892 2023 928 2027 -—
948 2018 966 2040 4
983 2009 1011 2033 P.
1031 2008 1205 2033 Romanorum
1223 2006 1355 2041 principes.
1376 2021 1408 2025 —

377 2058 389 2081 5
405 2049 430 2074 P.
461 2054 504 2074 om.
525 2063 561 2067 —
581 2052 595 2074 6
619 2049 646 2074 P.
671 2048 777 2083 patriam
795 2048 936 2081 redierunt5
947 2047 1078 2082 sequentia
1096 2047 1169 2081 usque
1195 2046 1261 2072 unde
1281 2045 1411 2072 Christiani

375 2088 469 2121 desunt.
488 2103 522 2107 —
545 2097 558 2119 7
573 2089 600 2114 P.
615 2088 697 2114 valde.
715 2102 747 2107 —
770 2091 783 2113 8
799 2089 824 2113 P.
840 2087 932 2113 Mallo.
958 2102 994 2106 —
1006 2097 1020 2120 9
1042 2088 1069 2113 1³.
1084 2086 1207 2119 debeant5
1226 2087 1263 2112 M.
1276 2086 1411 2112 debebant.

378 2143 408 2147 -—
427 2137 458 2154 10
471 2129 494 2154 P.
504 2128 549 2162 leg.
559 2140 567 2154 .·
579 2127 658 2154 scalis.
666 2143 699 2148 —
711 2138 721 2153 1
730 2137 739 2153 r
754 2128 792 2154 M.
802 2127 862 2162 leg..·
871 2127 963 2153 mortui
969 2127 1022 2153 sunt
1033 2127 1152 2153 &omnes
1159 2135 1246 2152 eorum
1255 2125 1412 2154 recesserunt.
