<?xml version="1.0" encoding="UTF-8"?>
<!DOCTYPE html PUBLIC "-//W3C//DTD XHTML 1.0 Transitional//EN"
    "http://www.w3.org/TR/xhtml1/DTD/xhtml1-transitional.dtd">
<html xmlns="http://www.w3.org/1999/xhtml" xml:lang="en" lang="en">
 <head>
  <title>
</title>
<meta http-equiv="Content-Type" content="text/html;charset=utf-8" />
  <meta name='ocr-system' content='tesseract 3.04.00' />
  <meta name='ocr-capabilities' content='ocr_page ocr_carea ocr_par ocr_line ocrx_word'/>
</head>
<body>
  <div class='ocr_page' id='page_1' title='image "./quintibellisacri00rhuoft_0192.png"; bbox 0 0 1624 2788; ppageno 0'>
   <div class='ocr_carea' id='block_1_1' title="bbox 402 247 1118 296">
    <p class='ocr_par' dir='ltr' id='par_1_1' title="bbox 402 247 1118 296">
     <span class='ocr_line' id='line_1_1' title="bbox 402 247 1118 296; baseline -0.001 -13"><span class='ocrx_word' id='word_1_1' title='bbox 402 247 468 296; x_wconf 81' lang='lat'>136</span> <span class='ocrx_word' id='word_1_2' title='bbox 694 256 887 282; x_wconf 81' lang='lat' dir='ltr'>IOHANNES</span> <span class='ocrx_word' id='word_1_3' title='bbox 904 255 954 282; x_wconf 82' lang='lat' dir='ltr'>m:</span> <span class='ocrx_word' id='word_1_4' title='bbox 971 255 1118 283; x_wconf 76' lang='lat' dir='ltr'>TULmA</span> 
     </span>
    </p>
   </div>
   <div class='ocr_carea' id='block_1_2' title="bbox 325 366 1429 2175">
    <p class='ocr_par' dir='ltr' id='par_1_2' title="bbox 325 366 1422 725">
     <span class='ocr_line' id='line_1_2' title="bbox 325 366 1421 416; baseline -0.001 -11"><span class='ocrx_word' id='word_1_5' title='bbox 325 382 383 406; x_wconf 84' lang='lat'>¹²19</span> <span class='ocrx_word' id='word_1_6' title='bbox 396 380 471 404; x_wconf 90' lang='lat' dir='ltr'>runt</span> <span class='ocrx_word' id='word_1_7' title='bbox 482 369 517 403; x_wconf 67' lang='grc' dir='ltr'>δι</span> <span class='ocrx_word' id='word_1_8' title='bbox 533 381 650 403; x_wconf 89' lang='lat' dir='ltr'>omnes</span> <span class='ocrx_word' id='word_1_9' title='bbox 663 367 836 416; x_wconf 86' lang='lat' dir='ltr'>principes,</span> <span class='ocrx_word' id='word_1_10' title='bbox 854 367 972 412; x_wconf 87' lang='lat' dir='ltr'>clerici,</span> <span class='ocrx_word' id='word_1_11' title='bbox 991 367 1076 412; x_wconf 90' lang='lat' dir='ltr'>laici,</span> <span class='ocrx_word' id='word_1_12' title='bbox 1093 366 1253 411; x_wconf 83' lang='lat' dir='ltr'>mulieres,</span> <span class='ocrx_word' id='word_1_13' title='bbox 1270 367 1421 414; x_wconf 85' lang='lat' dir='ltr'>infantes,</span> 
     </span>
     <span class='ocr_line' id='line_1_3' title="bbox 396 419 1421 469; baseline 0 -13"><span class='ocrx_word' id='word_1_14' title='bbox 396 422 587 469; x_wconf 83' lang='lat' dir='ltr'>potenciam</span> <span class='ocrx_word' id='word_1_15' title='bbox 604 422 743 457; x_wconf 87' lang='lat' dir='ltr'>Domini</span> <span class='ocrx_word' id='word_1_16' title='bbox 769 419 957 466; x_wconf 83' lang='lat' dir='ltr'>exorabant,</span> <span class='ocrx_word' id='word_1_17' title='bbox 981 422 1015 456; x_wconf 92' lang='lat'>&amp;</span> <span class='ocrx_word' id='word_1_18' title='bbox 1034 421 1166 456; x_wconf 86' lang='lat' dir='ltr'>Beatam</span> <span class='ocrx_word' id='word_1_19' title='bbox 1182 421 1320 456; x_wconf 88' lang='lat' dir='ltr'>Mariam</span> <span class='ocrx_word' id='word_1_20' title='bbox 1345 433 1421 456; x_wconf 91' lang='lat' dir='ltr'>cum</span> 
     </span>
     <span class='ocr_line' id='line_1_4' title="bbox 396 473 1422 523; baseline 0 -14"><span class='ocrx_word' id='word_1_21' title='bbox 396 474 550 510; x_wconf 88' lang='lat' dir='ltr'>omnibus</span> <span class='ocrx_word' id='word_1_22' title='bbox 578 476 700 511; x_wconf 69' lang='lat' dir='ltr'>Sanelis</span> <span class='ocrx_word' id='word_1_23' title='bbox 729 476 763 510; x_wconf 90' lang='lat'>&amp;</span> <span class='ocrx_word' id='word_1_24' title='bbox 790 475 924 510; x_wconf 87' lang='lat' dir='ltr'>Beatum</span> <span class='ocrx_word' id='word_1_25' title='bbox 954 473 1159 510; x_wconf 87' lang='lat' dir='ltr'>Leonardum</span> <span class='ocrx_word' id='word_1_26' title='bbox 1186 473 1359 523; x_wconf 88' lang='lat' dir='ltr'>rogabant,</span> <span class='ocrx_word' id='word_1_27' title='bbox 1387 486 1422 509; x_wconf 93' lang='lat' dir='ltr'>ut</span> 
     </span>
     <span class='ocr_line' id='line_1_5' title="bbox 396 527 1421 577; baseline -0.002 -13"><span class='ocrx_word' id='word_1_28' title='bbox 396 530 560 575; x_wconf 83' lang='lat' dir='ltr'>Damiata‚</span> <span class='ocrx_word' id='word_1_29' title='bbox 578 542 642 577; x_wconf 90' lang='lat' dir='ltr'>que</span> <span class='ocrx_word' id='word_1_30' title='bbox 660 529 740 564; x_wconf 88' lang='lat' dir='ltr'>olim</span> <span class='ocrx_word' id='word_1_31' title='bbox 759 529 818 563; x_wconf 91' lang='lat' dir='ltr'>fuit</span> <span class='ocrx_word' id='word_1_32' title='bbox 834 528 987 577; x_wconf 88' lang='lat' dir='ltr'>spelunca</span> <span class='ocrx_word' id='word_1_33' title='bbox 998 528 1174 573; x_wconf 88' lang='lat' dir='ltr'>latronum,</span> <span class='ocrx_word' id='word_1_34' title='bbox 1193 527 1331 563; x_wconf 87' lang='lat' dir='ltr'>cathena</span> <span class='ocrx_word' id='word_1_35' title='bbox 1345 540 1421 576; x_wconf 92' lang='lat' dir='ltr'>cap-</span> 
     </span>
     <span class='ocr_line' id='line_1_6' title="bbox 395 579 1422 627; baseline -0.001 -10"><span class='ocrx_word' id='word_1_36' title='bbox 395 583 547 627; x_wconf 86' lang='lat' dir='ltr'>tivorum,</span> <span class='ocrx_word' id='word_1_37' title='bbox 565 582 684 617; x_wconf 92' lang='lat' dir='ltr'>domus</span> <span class='ocrx_word' id='word_1_38' title='bbox 709 582 890 617; x_wconf 91' lang='lat' dir='ltr'>scortorum</span> <span class='ocrx_word' id='word_1_39' title='bbox 907 583 941 616; x_wconf 92' lang='lat'>&amp;</span> <span class='ocrx_word' id='word_1_40' title='bbox 959 581 1199 617; x_wconf 86' lang='lat' dir='ltr'>sodomitorum</span> <span class='ocrx_word' id='word_1_41' title='bbox 1219 583 1264 626; x_wconf 85' lang='lat'>&amp;‚</span> <span class='ocrx_word' id='word_1_42' title='bbox 1282 579 1336 616; x_wconf 80' lang='lat' dir='ltr'>nifi</span> <span class='ocrx_word' id='word_1_43' title='bbox 1354 581 1422 616; x_wconf 91' lang='lat' dir='ltr'>Ma—</span> 
     </span>
     <span class='ocr_line' id='line_1_7' title="bbox 394 634 1422 680; baseline -0.001 -10"><span class='ocrx_word' id='word_1_44' title='bbox 394 636 507 671; x_wconf 88' lang='lat' dir='ltr'>humet</span> <span class='ocrx_word' id='word_1_45' title='bbox 523 635 731 680; x_wconf 89' lang='lat' dir='ltr'>adorabatur,</span> <span class='ocrx_word' id='word_1_46' title='bbox 754 634 832 671; x_wconf 83' lang='lat' dir='ltr'>effet</span> <span class='ocrx_word' id='word_1_47' title='bbox 849 635 968 670; x_wconf 87' lang='lat' dir='ltr'>domus</span> <span class='ocrx_word' id='word_1_48' title='bbox 986 636 1048 670; x_wconf 91' lang='lat' dir='ltr'>Dei</span> <span class='ocrx_word' id='word_1_49' title='bbox 1065 637 1099 670; x_wconf 91' lang='lat'>&amp;</span> <span class='ocrx_word' id='word_1_50' title='bbox 1118 636 1296 670; x_wconf 91' lang='lat' dir='ltr'>oratorium</span> <span class='ocrx_word' id='word_1_51' title='bbox 1314 634 1422 670; x_wconf 84' lang='lat' dir='ltr'>Chris-</span> 
     </span>
     <span class='ocr_line' id='line_1_8' title="bbox 395 690 568 725; baseline 0.006 -1"><span class='ocrx_word' id='word_1_52' title='bbox 395 690 568 725; x_wconf 88' lang='lat' dir='ltr'>tianorum.</span> 
     </span>
    </p>

    <p class='ocr_par' dir='ltr' id='par_1_3' title="bbox 394 741 1429 2175">
     <span class='ocr_line' id='line_1_9' title="bbox 442 741 1422 790; baseline -0.002 -12"><span class='ocrx_word' id='word_1_53' title='bbox 442 743 505 778; x_wconf 90' lang='lat' dir='ltr'>LV.</span> <span class='ocrx_word' id='word_1_54' title='bbox 536 743 691 790; x_wconf 86' lang='lat' dir='ltr'>Cumque</span> <span class='ocrx_word' id='word_1_55' title='bbox 717 741 941 790; x_wconf 84' lang='lat' dir='ltr'>crepusculum</span> <span class='ocrx_word' id='word_1_56' title='bbox 963 741 1064 777; x_wconf 88' lang='lat' dir='ltr'>finem</span> <span class='ocrx_word' id='word_1_57' title='bbox 1089 741 1191 786; x_wconf 82' lang='lat' dir='ltr'>daret,</span> <span class='ocrx_word' id='word_1_58' title='bbox 1223 741 1290 776; x_wconf 90' lang='lat' dir='ltr'>dies</span> <span class='ocrx_word' id='word_1_59' title='bbox 1320 741 1422 776; x_wconf 86' lang='lat' dir='ltr'>clarus</span> 
     </span>
     <span class='ocr_line' id='line_1_10' title="bbox 394 794 1420 845; baseline -0.001 -14"><span class='ocrx_word' id='word_1_60' title='bbox 394 797 555 845; x_wconf 82' lang='lat' dir='ltr'>apparuit,</span> <span class='ocrx_word' id='word_1_61' title='bbox 578 796 656 841; x_wconf 90' lang='lat' dir='ltr'>dies,</span> <span class='ocrx_word' id='word_1_62' title='bbox 680 797 713 830; x_wconf 89' lang='lat' dir='ltr'>in</span> <span class='ocrx_word' id='word_1_63' title='bbox 737 809 802 843; x_wconf 92' lang='lat' dir='ltr'>qua</span> <span class='ocrx_word' id='word_1_64' title='bbox 820 795 963 830; x_wconf 90' lang='lat' dir='ltr'>Christus</span> <span class='ocrx_word' id='word_1_65' title='bbox 986 794 1166 842; x_wconf 87' lang='lat' dir='ltr'>baptizatus</span> <span class='ocrx_word' id='word_1_66' title='bbox 1190 795 1263 838; x_wconf 90' lang='lat' dir='ltr'>fuit,</span> <span class='ocrx_word' id='word_1_67' title='bbox 1292 795 1420 837; x_wconf 86' lang='lat' dir='ltr'>scilicet,</span> 
     </span>
     <span class='ocr_line' id='line_1_11' title="bbox 394 847 1422 896; baseline -0.003 -11"><span class='ocrx_word' id='word_1_68' title='bbox 394 849 462 885; x_wconf 88' lang='lat' dir='ltr'>dies</span> <span class='ocrx_word' id='word_1_69' title='bbox 480 851 600 894; x_wconf 89' lang='lat' dir='ltr'>Martis,</span> <span class='ocrx_word' id='word_1_70' title='bbox 620 849 748 892; x_wconf 87' lang='lat' dir='ltr'>scilicet,</span> <span class='ocrx_word' id='word_1_71' title='bbox 766 850 799 883; x_wconf 91' lang='lat' dir='ltr'>in</span> <span class='ocrx_word' id='word_1_72' title='bbox 815 861 879 896; x_wconf 87' lang='lat' dir='ltr'>qua</span> <span class='ocrx_word' id='word_1_73' title='bbox 896 861 996 883; x_wconf 89' lang='lat' dir='ltr'>omne</span> <span class='ocrx_word' id='word_1_74' title='bbox 1015 847 1142 882; x_wconf 91' lang='lat' dir='ltr'>bonum</span> <span class='ocrx_word' id='word_1_75' title='bbox 1156 848 1295 883; x_wconf 90' lang='lat' dir='ltr'>contulit</span> <span class='ocrx_word' id='word_1_76' title='bbox 1311 847 1422 883; x_wconf 87' lang='lat' dir='ltr'>Chris-</span> 
     </span>
     <span class='ocr_line' id='line_1_12' title="bbox 394 901 1422 951; baseline -0.002 -13"><span class='ocrx_word' id='word_1_77' title='bbox 394 904 499 947; x_wconf 87' lang='lat' dir='ltr'>tianis,</span> <span class='ocrx_word' id='word_1_78' title='bbox 523 904 671 951; x_wconf 91' lang='lat' dir='ltr'>protinus</span> <span class='ocrx_word' id='word_1_79' title='bbox 693 902 844 938; x_wconf 87' lang='lat' dir='ltr'>viderunt</span> <span class='ocrx_word' id='word_1_80' title='bbox 867 902 1020 937; x_wconf 85' lang='lat' dir='ltr'>vexillum</span> <span class='ocrx_word' id='word_1_81' title='bbox 1045 902 1160 937; x_wconf 61' lang='lat' dir='ltr'>Sand&#39;te</span> <span class='ocrx_word' id='word_1_82' title='bbox 1185 901 1302 936; x_wconf 88' lang='lat' dir='ltr'>Crucis</span> <span class='ocrx_word' id='word_1_83' title='bbox 1329 901 1422 949; x_wconf 92' lang='lat' dir='ltr'>super</span> 
     </span>
     <span class='ocr_line' id='line_1_13' title="bbox 394 954 1422 1003; baseline -0.003 -11"><span class='ocrx_word' id='word_1_84' title='bbox 394 969 504 1002; x_wconf 84' lang='lat' dir='ltr'>turres,</span> <span class='ocrx_word' id='word_1_85' title='bbox 517 959 551 992; x_wconf 93' lang='lat'>&amp;</span> <span class='ocrx_word' id='word_1_86' title='bbox 566 969 691 999; x_wconf 88' lang='lat' dir='ltr'>omnes,</span> <span class='ocrx_word' id='word_1_87' title='bbox 702 957 758 1003; x_wconf 90' lang='lat' dir='ltr'>qui</span> <span class='ocrx_word' id='word_1_88' title='bbox 767 954 952 1003; x_wconf 87' lang='lat' dir='ltr'>plorabant,</span> <span class='ocrx_word' id='word_1_89' title='bbox 962 955 1076 990; x_wconf 89' lang='lat' dir='ltr'>oculos</span> <span class='ocrx_word' id='word_1_90' title='bbox 1085 956 1119 989; x_wconf 70' lang='grc' dir='ltr'>ὃ(</span> <span class='ocrx_word' id='word_1_91' title='bbox 1129 967 1244 989; x_wconf 89' lang='lat' dir='ltr'>manus</span> <span class='ocrx_word' id='word_1_92' title='bbox 1258 954 1301 990; x_wconf 87' lang='lat' dir='ltr'>ad</span> <span class='ocrx_word' id='word_1_93' title='bbox 1314 955 1422 990; x_wconf 91' lang='lat' dir='ltr'>celum</span> 
     </span>
     <span class='ocr_line' id='line_1_14' title="bbox 394 1010 1420 1056; baseline -0.003 -10"><span class='ocrx_word' id='word_1_94' title='bbox 394 1010 583 1046; x_wconf 82' lang='lat' dir='ltr'>levaverunt</span> <span class='ocrx_word' id='word_1_95' title='bbox 599 1011 633 1045; x_wconf 92' lang='lat'>&amp;</span> <span class='ocrx_word' id='word_1_96' title='bbox 651 1011 693 1045; x_wconf 84' lang='lat' dir='ltr'>Te</span> <span class='ocrx_word' id='word_1_97' title='bbox 707 1013 805 1044; x_wconf 82' lang='lat' dir='ltr'>‘Deum</span> <span class='ocrx_word' id='word_1_98' title='bbox 821 1010 976 1044; x_wconf 82' lang='lat' dir='ltr'>laudamus</span> <span class='ocrx_word' id='word_1_99' title='bbox 993 1010 1027 1043; x_wconf 67' lang='grc' dir='ltr'>ὃς</span> <span class='ocrx_word' id='word_1_100' title='bbox 1043 1010 1152 1043; x_wconf 82' lang='lat' dir='ltr'><em>Gloria</em></span> <span class='ocrx_word' id='word_1_101' title='bbox 1169 1011 1201 1043; x_wconf 87' lang='lat' dir='ltr'>in</span> <span class='ocrx_word' id='word_1_102' title='bbox 1219 1010 1338 1056; x_wconf 80' lang='lat' dir='ltr'>excelsis</span> <span class='ocrx_word' id='word_1_103' title='bbox 1351 1011 1420 1043; x_wconf 79' lang='lat' dir='ltr'>‘Deo</span> 
     </span>
     <span class='ocr_line' id='line_1_15' title="bbox 395 1061 1421 1110; baseline -0.003 -11"><span class='ocrx_word' id='word_1_104' title='bbox 395 1076 613 1099; x_wconf 88' lang='lat' dir='ltr'>cantaverunt.</span> <span class='ocrx_word' id='word_1_105' title='bbox 633 1064 709 1098; x_wconf 87' lang='lat' dir='ltr'>Hoc</span> <span class='ocrx_word' id='word_1_106' title='bbox 728 1063 899 1110; x_wconf 85' lang='lat' dir='ltr'>respiciens</span> <span class='ocrx_word' id='word_1_107' title='bbox 917 1061 1080 1106; x_wconf 85' lang='lat' dir='ltr'>soldanus,</span> <span class='ocrx_word' id='word_1_108' title='bbox 1098 1062 1225 1109; x_wconf 89' lang='lat' dir='ltr'>putavit</span> <span class='ocrx_word' id='word_1_109' title='bbox 1241 1062 1421 1096; x_wconf 89' lang='lat' dir='ltr'>succurrere</span> 
     </span>
     <span class='ocr_line' id='line_1_16' title="bbox 395 1115 1422 1165; baseline -0.004 -12"><span class='ocrx_word' id='word_1_110' title='bbox 395 1118 527 1163; x_wconf 82' lang='lat' dir='ltr'>civitati,</span> <span class='ocrx_word' id='word_1_111' title='bbox 545 1118 635 1153; x_wconf 89' lang='lat' dir='ltr'>venit</span> <span class='ocrx_word' id='word_1_112' title='bbox 647 1130 723 1152; x_wconf 90' lang='lat' dir='ltr'>cum</span> <span class='ocrx_word' id='word_1_113' title='bbox 738 1129 807 1151; x_wconf 90' lang='lat' dir='ltr'>tota</span> <span class='ocrx_word' id='word_1_114' title='bbox 823 1128 922 1165; x_wconf 87' lang='lat' dir='ltr'>gente</span> <span class='ocrx_word' id='word_1_115' title='bbox 937 1116 991 1151; x_wconf 89' lang='lat' dir='ltr'>sua</span> <span class='ocrx_word' id='word_1_116' title='bbox 1004 1129 1079 1151; x_wconf 88' lang='lat' dir='ltr'>ante</span> <span class='ocrx_word' id='word_1_117' title='bbox 1099 1115 1253 1150; x_wconf 79' lang='lat' dir='ltr'>fossatum</span> <span class='ocrx_word' id='word_1_118' title='bbox 1266 1115 1422 1158; x_wconf 86' lang='lat' dir='ltr'>nostrum,</span> 
     </span>
     <span class='ocr_line' id='line_1_17' title="bbox 395 1167 1423 1217; baseline -0.003 -11"><span class='ocrx_word' id='word_1_119' title='bbox 395 1172 428 1206; x_wconf 92' lang='lat'>&amp;</span> <span class='ocrx_word' id='word_1_120' title='bbox 445 1169 529 1206; x_wconf 89' lang='lat' dir='ltr'>bene</span> <span class='ocrx_word' id='word_1_121' title='bbox 550 1171 674 1207; x_wconf 88' lang='lat' dir='ltr'>invenit</span> <span class='ocrx_word' id='word_1_122' title='bbox 690 1170 724 1205; x_wconf 88' lang='lat' dir='ltr'>id</span> <span class='ocrx_word' id='word_1_123' title='bbox 739 1177 748 1193; x_wconf 89' lang='lat'>¹</span> <span class='ocrx_word' id='word_1_124' title='bbox 770 1170 944 1214; x_wconf 89' lang='lat' dir='ltr'>munitum,</span> <span class='ocrx_word' id='word_1_125' title='bbox 971 1171 1005 1205; x_wconf 74' lang='grc' dir='ltr'>δε</span> <span class='ocrx_word' id='word_1_126' title='bbox 1024 1170 1090 1217; x_wconf 91' lang='lat' dir='ltr'>ipse</span> <span class='ocrx_word' id='word_1_127' title='bbox 1110 1182 1168 1217; x_wconf 88' lang='lat' dir='ltr'>pre</span> <span class='ocrx_word' id='word_1_128' title='bbox 1185 1169 1289 1204; x_wconf 88' lang='lat' dir='ltr'>nimio</span> <span class='ocrx_word' id='word_1_129' title='bbox 1307 1167 1423 1203; x_wconf 87' lang='lat' dir='ltr'>dolore</span> 
     </span>
     <span class='ocr_line' id='line_1_18' title="bbox 397 1220 1422 1272; baseline -0.003 -13"><span class='ocrx_word' id='word_1_130' title='bbox 397 1223 483 1272; x_wconf 83' lang='lat' dir='ltr'>quafi</span> <span class='ocrx_word' id='word_1_131' title='bbox 501 1236 648 1259; x_wconf 85' lang='lat' dir='ltr'>mortuus</span> <span class='ocrx_word' id='word_1_132' title='bbox 665 1225 697 1259; x_wconf 93' lang='lat' dir='ltr'>in</span> <span class='ocrx_word' id='word_1_133' title='bbox 717 1236 835 1259; x_wconf 89' lang='lat' dir='ltr'>terram</span> <span class='ocrx_word' id='word_1_134' title='bbox 853 1222 979 1267; x_wconf 85' lang='lat' dir='ltr'>cecidit,</span> <span class='ocrx_word' id='word_1_135' title='bbox 1004 1224 1038 1257; x_wconf 91' lang='lat'>&amp;</span> <span class='ocrx_word' id='word_1_136' title='bbox 1056 1235 1179 1257; x_wconf 90' lang='lat' dir='ltr'>nomen</span> <span class='ocrx_word' id='word_1_137' title='bbox 1198 1222 1261 1257; x_wconf 93' lang='lat' dir='ltr'>Dei</span> <span class='ocrx_word' id='word_1_138' title='bbox 1278 1222 1323 1256; x_wconf 86' lang='lat' dir='ltr'>sui</span> <span class='ocrx_word' id='word_1_139' title='bbox 1340 1220 1422 1256; x_wconf 88' lang='lat' dir='ltr'>blas·</span> 
     </span>
     <span class='ocr_line' id='line_1_19' title="bbox 394 1276 1424 1326; baseline -0.004 -13"><span class='ocrx_word' id='word_1_140' title='bbox 394 1277 583 1326; x_wconf 90' lang='lat' dir='ltr'>phemabat,</span> <span class='ocrx_word' id='word_1_141' title='bbox 600 1279 635 1313; x_wconf 69' lang='grc' dir='ltr'>ὅ(</span> <span class='ocrx_word' id='word_1_142' title='bbox 652 1276 799 1312; x_wconf 87' lang='lat' dir='ltr'>dicebat:</span> <span class='ocrx_word' id='word_1_143' title='bbox 819 1279 848 1312; x_wconf 91' lang='grc' dir='ltr'><em>Ο</em></span> <span class='ocrx_word' id='word_1_144' title='bbox 867 1279 1046 1319; x_wconf 64' lang='lat' dir='ltr'>mahumet,</span> <span class='ocrx_word' id='word_1_145' title='bbox 1073 1278 1161 1323; x_wconf 81' lang='lat' dir='ltr'>usque</span> <span class='ocrx_word' id='word_1_146' title='bbox 1183 1278 1273 1310; x_wconf 79' lang='lat' dir='ltr'>hodie</span> <span class='ocrx_word' id='word_1_147' title='bbox 1298 1277 1424 1323; x_wconf 80' lang='lat' dir='ltr'>dilufisti</span> 
     </span>
     <span class='ocr_line' id='line_1_20' title="bbox 395 1329 1423 1380; baseline -0.005 -13"><span class='ocrx_word' id='word_1_148' title='bbox 395 1347 450 1375; x_wconf 84' lang='lat' dir='ltr'>me,</span> <span class='ocrx_word' id='word_1_149' title='bbox 469 1336 579 1380; x_wconf 79' lang='lat' dir='ltr'>certefi</span> <span class='ocrx_word' id='word_1_150' title='bbox 598 1333 763 1377; x_wconf 80' lang='lat' dir='ltr'>Christiani</span> <span class='ocrx_word' id='word_1_151' title='bbox 780 1334 901 1377; x_wconf 78' lang='lat' dir='ltr'>capiunt</span> <span class='ocrx_word' id='word_1_152' title='bbox 915 1334 1101 1372; x_wconf 80' lang='lat' dir='ltr'>Damiatam,</span> <span class='ocrx_word' id='word_1_153' title='bbox 1121 1343 1172 1364; x_wconf 81' lang='lat' dir='ltr'>nec</span> <span class='ocrx_word' id='word_1_154' title='bbox 1186 1331 1229 1363; x_wconf 77' lang='lat' dir='ltr'>‘Te</span> <span class='ocrx_word' id='word_1_155' title='bbox 1243 1329 1352 1371; x_wconf 81' lang='lat' dir='ltr'>colam,</span> <span class='ocrx_word' id='word_1_156' title='bbox 1371 1342 1423 1363; x_wconf 87' lang='lat' dir='ltr'>nec</span> 
     </span>
     <span class='ocr_line' id='line_1_21' title="bbox 395 1382 1423 1432; baseline -0.005 -12"><span class='ocrx_word' id='word_1_157' title='bbox 395 1387 438 1421; x_wconf 85' lang='lat' dir='ltr'>Te</span> <span class='ocrx_word' id='word_1_158' title='bbox 451 1387 583 1420; x_wconf 81' lang='lat' dir='ltr'>adorabo</span> <span class='ocrx_word' id='word_1_159' title='bbox 598 1387 634 1419; x_wconf 85' lang='lat' dir='ltr'>de</span> <span class='ocrx_word' id='word_1_160' title='bbox 647 1387 755 1419; x_wconf 78' lang='lat' dir='ltr'>cetero!</span> <span class='ocrx_word' id='word_1_161' title='bbox 769 1384 1019 1432; x_wconf 76' lang='lat' dir='ltr'>Cognoscentes</span> <span class='ocrx_word' id='word_1_162' title='bbox 1033 1383 1088 1426; x_wconf 86' lang='lat' dir='ltr'>illi,</span> <span class='ocrx_word' id='word_1_163' title='bbox 1103 1383 1159 1430; x_wconf 90' lang='lat' dir='ltr'>qui</span> <span class='ocrx_word' id='word_1_164' title='bbox 1171 1395 1276 1430; x_wconf 91' lang='lat' dir='ltr'>prope</span> <span class='ocrx_word' id='word_1_165' title='bbox 1289 1382 1423 1416; x_wconf 90' lang='lat' dir='ltr'>Damia-</span> 
     </span>
     <span class='ocr_line' id='line_1_22' title="bbox 395 1435 1422 1484; baseline -0.005 -11"><span class='ocrx_word' id='word_1_166' title='bbox 395 1451 463 1474; x_wconf 87' lang='lat' dir='ltr'>tam</span> <span class='ocrx_word' id='word_1_167' title='bbox 482 1451 584 1483; x_wconf 88' lang='lat' dir='ltr'>erant,</span> <span class='ocrx_word' id='word_1_168' title='bbox 613 1436 759 1473; x_wconf 81' lang='lat' dir='ltr'>banerias</span> <span class='ocrx_word' id='word_1_169' title='bbox 784 1437 905 1471; x_wconf 88' lang='lat' dir='ltr'>nostras</span> <span class='ocrx_word' id='word_1_170' title='bbox 929 1437 1022 1484; x_wconf 74' lang='lat' dir='ltr'>super</span> <span class='ocrx_word' id='word_1_171' title='bbox 1045 1448 1144 1470; x_wconf 91' lang='lat' dir='ltr'>turres</span> <span class='ocrx_word' id='word_1_172' title='bbox 1171 1435 1318 1480; x_wconf 88' lang='lat' dir='ltr'>civitatis,</span> <span class='ocrx_word' id='word_1_173' title='bbox 1347 1446 1422 1469; x_wconf 90' lang='lat' dir='ltr'>cum</span> 
     </span>
     <span class='ocr_line' id='line_1_23' title="bbox 395 1487 1422 1540; baseline -0.005 -13"><span class='ocrx_word' id='word_1_174' title='bbox 395 1505 520 1540; x_wconf 85' lang='lat' dir='ltr'>magno</span> <span class='ocrx_word' id='word_1_175' title='bbox 544 1491 659 1527; x_wconf 90' lang='lat' dir='ltr'>dolore</span> <span class='ocrx_word' id='word_1_176' title='bbox 682 1502 889 1539; x_wconf 88' lang='lat' dir='ltr'>perrexerunt</span> <span class='ocrx_word' id='word_1_177' title='bbox 906 1489 948 1525; x_wconf 89' lang='lat' dir='ltr'>ad</span> <span class='ocrx_word' id='word_1_178' title='bbox 966 1488 1138 1524; x_wconf 76' lang='lat' dir='ltr'>soldanum</span> <span class='ocrx_word' id='word_1_179' title='bbox 1155 1490 1189 1523; x_wconf 92' lang='lat'>&amp;</span> <span class='ocrx_word' id='word_1_180' title='bbox 1206 1488 1354 1523; x_wconf 87' lang='lat' dir='ltr'>dixerunt</span> <span class='ocrx_word' id='word_1_181' title='bbox 1376 1487 1422 1522; x_wconf 82' lang='lat' dir='ltr'>ei:</span> 
     </span>
     <span class='ocr_line' id='line_1_24' title="bbox 396 1540 1423 1592; baseline -0.005 -12"><span class='ocrx_word' id='word_1_182' title='bbox 396 1548 540 1590; x_wconf 82' lang='lat' dir='ltr'>Domine,</span> <span class='ocrx_word' id='word_1_183' title='bbox 554 1548 674 1592; x_wconf 79' lang='lat' dir='ltr'>amifisti</span> <span class='ocrx_word' id='word_1_184' title='bbox 688 1547 876 1588; x_wconf 79' lang='lat' dir='ltr'>Damiatam,</span> <span class='ocrx_word' id='word_1_185' title='bbox 890 1545 927 1577; x_wconf 83' lang='lat' dir='ltr'>de</span> <span class='ocrx_word' id='word_1_186' title='bbox 940 1545 1101 1589; x_wconf 82' lang='lat' dir='ltr'>ceterosua</span> <span class='ocrx_word' id='word_1_187' title='bbox 1115 1556 1172 1577; x_wconf 86' lang='lat' dir='ltr'>non</span> <span class='ocrx_word' id='word_1_188' title='bbox 1186 1545 1243 1576; x_wconf 84' lang='lat' dir='ltr'>erit</span> <span class='ocrx_word' id='word_1_189' title='bbox 1252 1545 1264 1576; x_wconf 81' lang='lat' dir='ltr'>l</span> <span class='ocrx_word' id='word_1_190' title='bbox 1279 1540 1423 1576; x_wconf 82' lang='lat' dir='ltr'>Audiens</span> 
     </span>
     <span class='ocr_line' id='line_1_25' title="bbox 396 1595 1423 1647; baseline -0.006 -13"><span class='ocrx_word' id='word_1_191' title='bbox 396 1599 463 1647; x_wconf 91' lang='lat' dir='ltr'>ipse</span> <span class='ocrx_word' id='word_1_192' title='bbox 482 1599 557 1634; x_wconf 89' lang='lat' dir='ltr'>talia</span> <span class='ocrx_word' id='word_1_193' title='bbox 573 1599 678 1634; x_wconf 86' lang='lat' dir='ltr'>statim</span> <span class='ocrx_word' id='word_1_194' title='bbox 703 1597 870 1645; x_wconf 86' lang='lat' dir='ltr'>loquelam</span> <span class='ocrx_word' id='word_1_195' title='bbox 898 1596 1038 1644; x_wconf 82' lang='lat' dir='ltr'>perdidit</span> <span class='ocrx_word' id='word_1_196' title='bbox 1058 1597 1092 1630; x_wconf 93' lang='lat'>&amp;</span> <span class='ocrx_word' id='word_1_197' title='bbox 1109 1595 1190 1630; x_wconf 88' lang='lat' dir='ltr'>iuffit</span> <span class='ocrx_word' id='word_1_198' title='bbox 1207 1595 1316 1643; x_wconf 89' lang='lat' dir='ltr'>capita</span> <span class='ocrx_word' id='word_1_199' title='bbox 1337 1606 1423 1629; x_wconf 89' lang='lat' dir='ltr'>trun—</span> 
     </span>
     <span class='ocr_line' id='line_1_26' title="bbox 396 1647 1424 1700; baseline -0.006 -12"><span class='ocrx_word' id='word_1_200' title='bbox 396 1653 462 1688; x_wconf 90' lang='lat' dir='ltr'>cari</span> <span class='ocrx_word' id='word_1_201' title='bbox 486 1651 557 1700; x_wconf 87' lang='lat' dir='ltr'>ipfis</span> <span class='ocrx_word' id='word_1_202' title='bbox 580 1652 716 1696; x_wconf 87' lang='lat' dir='ltr'>nunciis,</span> <span class='ocrx_word' id='word_1_203' title='bbox 746 1663 887 1697; x_wconf 91' lang='lat' dir='ltr'>cumque</span> <span class='ocrx_word' id='word_1_204' title='bbox 914 1663 972 1697; x_wconf 91' lang='lat' dir='ltr'>per</span> <span class='ocrx_word' id='word_1_205' title='bbox 995 1649 1075 1684; x_wconf 84' lang='lat' dir='ltr'>duas</span> <span class='ocrx_word' id='word_1_206' title='bbox 1096 1649 1192 1683; x_wconf 88' lang='lat' dir='ltr'>horas</span> <span class='ocrx_word' id='word_1_207' title='bbox 1214 1647 1292 1683; x_wconf 81' lang='lat' dir='ltr'>effer</span> <span class='ocrx_word' id='word_1_208' title='bbox 1309 1649 1341 1683; x_wconf 91' lang='lat' dir='ltr'>in</span> <span class='ocrx_word' id='word_1_209' title='bbox 1361 1647 1424 1682; x_wconf 86' lang='lat' dir='ltr'>hac</span> 
     </span>
     <span class='ocr_line' id='line_1_27' title="bbox 396 1702 1425 1751; baseline -0.006 -11"><span class='ocrx_word' id='word_1_210' title='bbox 396 1706 534 1751; x_wconf 87' lang='lat' dir='ltr'>tristicia,</span> <span class='ocrx_word' id='word_1_211' title='bbox 565 1704 670 1740; x_wconf 91' lang='lat' dir='ltr'>subito</span> <span class='ocrx_word' id='word_1_212' title='bbox 689 1705 719 1739; x_wconf 87' lang='lat' dir='ltr'>se</span> <span class='ocrx_word' id='word_1_213' title='bbox 747 1705 855 1748; x_wconf 87' lang='lat' dir='ltr'>erexit,</span> <span class='ocrx_word' id='word_1_214' title='bbox 882 1705 916 1738; x_wconf 91' lang='lat'>&amp;</span> <span class='ocrx_word' id='word_1_215' title='bbox 941 1704 1068 1751; x_wconf 90' lang='lat' dir='ltr'>accepit</span> <span class='ocrx_word' id='word_1_216' title='bbox 1084 1702 1243 1750; x_wconf 82' lang='lat' dir='ltr'>gladium,</span> <span class='ocrx_word' id='word_1_217' title='bbox 1272 1713 1340 1749; x_wconf 90' lang='lat' dir='ltr'>quo</span> <span class='ocrx_word' id='word_1_218' title='bbox 1357 1712 1425 1735; x_wconf 86' lang='lat' dir='ltr'>erat</span> 
     </span>
     <span class='ocr_line' id='line_1_28' title="bbox 397 1753 1423 1801; baseline -0.007 -6"><span class='ocrx_word' id='word_1_219' title='bbox 397 1761 560 1795; x_wconf 60' lang='lat' dir='ltr'>accinfius</span> <span class='ocrx_word' id='word_1_220' title='bbox 577 1761 611 1794; x_wconf 70' lang='grc' dir='ltr'>δε</span> <span class='ocrx_word' id='word_1_221' title='bbox 624 1758 785 1794; x_wconf 89' lang='lat' dir='ltr'>truncavit</span> <span class='ocrx_word' id='word_1_222' title='bbox 801 1756 857 1792; x_wconf 84' lang='lat' dir='ltr'>fibi</span> <span class='ocrx_word' id='word_1_223' title='bbox 873 1756 1020 1801; x_wconf 88' lang='lat' dir='ltr'>barbam,</span> <span class='ocrx_word' id='word_1_224' title='bbox 1037 1757 1071 1791; x_wconf 93' lang='lat'>&amp;</span> <span class='ocrx_word' id='word_1_225' title='bbox 1087 1768 1202 1790; x_wconf 84' lang='lat' dir='ltr'>omnes</span> <span class='ocrx_word' id='word_1_226' title='bbox 1217 1756 1262 1790; x_wconf 90' lang='lat' dir='ltr'>sui</span> <span class='ocrx_word' id='word_1_227' title='bbox 1277 1755 1322 1789; x_wconf 92' lang='lat' dir='ltr'>ita</span> <span class='ocrx_word' id='word_1_228' title='bbox 1339 1753 1423 1788; x_wconf 89' lang='lat' dir='ltr'>fece-</span> 
     </span>
     <span class='ocr_line' id='line_1_29' title="bbox 397 1807 1424 1857; baseline -0.007 -9"><span class='ocrx_word' id='word_1_229' title='bbox 397 1825 481 1857; x_wconf 86' lang='lat' dir='ltr'>runt,</span> <span class='ocrx_word' id='word_1_230' title='bbox 510 1814 544 1847; x_wconf 92' lang='lat'>&amp;</span> <span class='ocrx_word' id='word_1_231' title='bbox 562 1813 666 1847; x_wconf 87' lang='lat' dir='ltr'>eciam</span> <span class='ocrx_word' id='word_1_232' title='bbox 691 1810 810 1846; x_wconf 84' lang='lat' dir='ltr'>caudas</span> <span class='ocrx_word' id='word_1_233' title='bbox 827 1811 929 1857; x_wconf 91' lang='lat' dir='ltr'>equis,</span> <span class='ocrx_word' id='word_1_234' title='bbox 961 1811 995 1844; x_wconf 73' lang='grc' dir='ltr'>δε</span> <span class='ocrx_word' id='word_1_235' title='bbox 1012 1810 1078 1857; x_wconf 86' lang='lat' dir='ltr'>ipse</span> <span class='ocrx_word' id='word_1_236' title='bbox 1093 1809 1180 1856; x_wconf 90' lang='lat' dir='ltr'>cepit</span> <span class='ocrx_word' id='word_1_237' title='bbox 1195 1808 1371 1843; x_wconf 86' lang='lat' dir='ltr'>lamentare</span> <span class='ocrx_word' id='word_1_238' title='bbox 1389 1807 1424 1841; x_wconf 90' lang='lat'>&amp;</span> 
     </span>
     <span class='ocr_line' id='line_1_30' title="bbox 398 1863 1424 1911; baseline -0.007 -10"><span class='ocrx_word' id='word_1_239' title='bbox 398 1865 519 1901; x_wconf 88' lang='lat' dir='ltr'>dicere:</span> <span class='ocrx_word' id='word_1_240' title='bbox 541 1867 569 1900; x_wconf 93' lang='lat'><em>0</em></span> <span class='ocrx_word' id='word_1_241' title='bbox 587 1868 747 1909; x_wconf 68' lang='lat' dir='ltr'>Dumium,</span> <span class='ocrx_word' id='word_1_242' title='bbox 765 1878 819 1909; x_wconf 83' lang='lat' dir='ltr'>que</span> <span class='ocrx_word' id='word_1_243' title='bbox 828 1867 922 1909; x_wconf 57' lang='lat' dir='ltr'>fuisti</span> <span class='ocrx_word' id='word_1_244' title='bbox 938 1878 955 1897; x_wconf 84' lang='lat' dir='ltr'>u</span> <span class='ocrx_word' id='word_1_245' title='bbox 954 1865 1032 1911; x_wconf 82' lang='lat' dir='ltr'>sque</span> <span class='ocrx_word' id='word_1_246' title='bbox 1050 1876 1124 1897; x_wconf 85' lang='lat' dir='ltr'>nunc</span> <span class='ocrx_word' id='word_1_247' title='bbox 1141 1863 1259 1896; x_wconf 81' lang='lat' dir='ltr'>lucerna</span> <span class='ocrx_word' id='word_1_248' title='bbox 1280 1863 1424 1907; x_wconf 82' lang='lat' dir='ltr'>Pagano-</span> 
     </span>
     <span class='ocr_line' id='line_1_31' title="bbox 396 1916 1424 1965; baseline -0.007 -12"><span class='ocrx_word' id='word_1_249' title='bbox 396 1933 475 1964; x_wconf 83' lang='lat' dir='ltr'>rum,</span> <span class='ocrx_word' id='word_1_250' title='bbox 500 1920 588 1954; x_wconf 83' lang='lat' dir='ltr'>modo</span> <span class='ocrx_word' id='word_1_251' title='bbox 613 1920 767 1965; x_wconf 81' lang='lat' dir='ltr'>obscurata</span> <span class='ocrx_word' id='word_1_252' title='bbox 793 1931 824 1951; x_wconf 86' lang='lat' dir='ltr'>es</span> <span class='ocrx_word' id='word_1_253' title='bbox 845 1919 948 1951; x_wconf 84' lang='lat' dir='ltr'>nobis!</span> <span class='ocrx_word' id='word_1_254' title='bbox 973 1919 1038 1963; x_wconf 83' lang='lat' dir='ltr'>Ego</span> <span class='ocrx_word' id='word_1_255' title='bbox 1066 1917 1165 1962; x_wconf 84' lang='lat' dir='ltr'>miser,</span> <span class='ocrx_word' id='word_1_256' title='bbox 1191 1916 1264 1960; x_wconf 84' lang='lat' dir='ltr'>quid</span> <span class='ocrx_word' id='word_1_257' title='bbox 1280 1916 1424 1958; x_wconf 79' lang='lat' dir='ltr'>faciam?</span> 
     </span>
     <span class='ocr_line' id='line_1_32' title="bbox 401 1970 1425 2019; baseline -0.007 -12"><span class='ocrx_word' id='word_1_258' title='bbox 401 1975 469 2019; x_wconf 79' lang='lat' dir='ltr'>Qo</span> <span class='ocrx_word' id='word_1_259' title='bbox 488 1974 562 2007; x_wconf 81' lang='lat' dir='ltr'>ibo?</span> <span class='ocrx_word' id='word_1_260' title='bbox 583 1974 684 2019; x_wconf 78' lang='lat' dir='ltr'>Qare</span> <span class='ocrx_word' id='word_1_261' title='bbox 702 1985 758 2005; x_wconf 86' lang='lat' dir='ltr'>non</span> <span class='ocrx_word' id='word_1_262' title='bbox 777 1983 909 2004; x_wconf 83' lang='lat' dir='ltr'>mortuus</span> <span class='ocrx_word' id='word_1_263' title='bbox 918 1973 975 2015; x_wconf 84' lang='lat' dir='ltr'>fui</span> <span class='ocrx_word' id='word_1_264' title='bbox 994 1974 1024 2004; x_wconf 87' lang='lat' dir='ltr'>in</span> <span class='ocrx_word' id='word_1_265' title='bbox 1042 1981 1141 2004; x_wconf 84' lang='lat' dir='ltr'>ventre</span> <span class='ocrx_word' id='word_1_266' title='bbox 1158 1970 1264 2002; x_wconf 82' lang='lat' dir='ltr'>matris</span> <span class='ocrx_word' id='word_1_267' title='bbox 1281 1981 1352 2009; x_wconf 85' lang='lat' dir='ltr'>mee,</span> <span class='ocrx_word' id='word_1_268' title='bbox 1373 1978 1425 2000; x_wconf 83' lang='lat' dir='ltr'>aut</span> 
     </span>
     <span class='ocr_line' id='line_1_33' title="bbox 398 2020 1425 2071; baseline -0.007 -11"><span class='ocrx_word' id='word_1_269' title='bbox 398 2040 463 2060; x_wconf 87' lang='lat' dir='ltr'>cum</span> <span class='ocrx_word' id='word_1_270' title='bbox 482 2038 570 2060; x_wconf 83' lang='lat' dir='ltr'>natus</span> <span class='ocrx_word' id='word_1_271' title='bbox 579 2028 648 2071; x_wconf 83' lang='lat' dir='ltr'>fui,</span> <span class='ocrx_word' id='word_1_272' title='bbox 667 2038 719 2059; x_wconf 86' lang='lat' dir='ltr'>cur</span> <span class='ocrx_word' id='word_1_273' title='bbox 735 2037 792 2059; x_wconf 83' lang='lat' dir='ltr'>non</span> <span class='ocrx_word' id='word_1_274' title='bbox 805 2027 912 2069; x_wconf 80' lang='lat' dir='ltr'>statim</span> <span class='ocrx_word' id='word_1_275' title='bbox 931 2026 1016 2069; x_wconf 74' lang='lat' dir='ltr'>perii</span> <span class='ocrx_word' id='word_1_276' title='bbox 1034 2020 1131 2066; x_wconf 85' lang='lat' dir='ltr'>(lob.,</span> <span class='ocrx_word' id='word_1_277' title='bbox 1148 2030 1202 2065; x_wconf 90' lang='lat'>111,</span> <span class='ocrx_word' id='word_1_278' title='bbox 1225 2022 1302 2068; x_wconf 86' lang='lat'>11)?</span> <span class='ocrx_word' id='word_1_279' title='bbox 1324 2023 1425 2054; x_wconf 57' lang='lat' dir='ltr'>viare-⁴</span> 
     </span>
     <span class='ocr_line' id='line_1_34' title="bbox 399 2066 1429 2125; baseline -0.007 -12"><span class='ocrx_word' id='word_1_280' title='bbox 399 2093 485 2125; x_wconf 80' lang='lat' dir='ltr'>quam</span> <span class='ocrx_word' id='word_1_281' title='bbox 493 2080 553 2125; x_wconf 88' lang='lat' dir='ltr'>sub</span> <span class='ocrx_word' id='word_1_282' title='bbox 567 2091 630 2112; x_wconf 89' lang='lat' dir='ltr'>meo</span> <span class='ocrx_word' id='word_1_283' title='bbox 648 2079 768 2112; x_wconf 85' lang='lat' dir='ltr'>domino</span> <span class='ocrx_word' id='word_1_284' title='bbox 783 2079 871 2123; x_wconf 81' lang='lat' dir='ltr'>virgo</span> <span class='ocrx_word' id='word_1_285' title='bbox 886 2079 1033 2110; x_wconf 82' lang='lat' dir='ltr'>‘Damiata</span> <span class='ocrx_word' id='word_1_286' title='bbox 1046 2076 1125 2121; x_wconf 67' lang='lat' dir='ltr'>effer,</span> <span class='ocrx_word' id='word_1_287' title='bbox 1145 2089 1162 2108; x_wconf 88' lang='lat' dir='ltr'>a</span> <span class='ocrx_word' id='word_1_288' title='bbox 1170 2075 1301 2120; x_wconf 84' lang='lat' dir='ltr'>perfidis</span> <span class='ocrx_word' id='word_1_289' title='bbox 1319 2066 1429 2119; x_wconf 60' lang='lat' dir='ltr'>Clzrzss-¹</span> 
     </span>
     <span class='ocr_line' id='line_1_35' title="bbox 398 2127 1424 2175; baseline -0.007 -9"><span class='ocrx_word' id='word_1_290' title='bbox 398 2134 492 2167; x_wconf 78' lang='lat' dir='ltr'>ricmis</span> <span class='ocrx_word' id='word_1_291' title='bbox 517 2131 630 2166; x_wconf 80' lang='lat' dir='ltr'>violata</span> <span class='ocrx_word' id='word_1_292' title='bbox 656 2131 687 2164; x_wconf 61' lang='grc' dir='ltr'>δ’</span> <span class='ocrx_word' id='word_1_293' title='bbox 708 2132 868 2175; x_wconf 81' lang='lat' dir='ltr'>corrupta!</span> <span class='ocrx_word' id='word_1_294' title='bbox 892 2129 925 2163; x_wconf 83' lang='lat' dir='ltr'>Et</span> <span class='ocrx_word' id='word_1_295' title='bbox 950 2127 1046 2163; x_wconf 83' lang='lat' dir='ltr'>dixit:</span> <span class='ocrx_word' id='word_1_296' title='bbox 1075 2131 1183 2162; x_wconf 82' lang='lat' dir='ltr'>Pereat</span> <span class='ocrx_word' id='word_1_297' title='bbox 1208 2128 1285 2169; x_wconf 79' lang='lat' dir='ltr'>dies,</span> <span class='ocrx_word' id='word_1_298' title='bbox 1315 2129 1345 2160; x_wconf 86' lang='lat' dir='ltr'>in</span> <span class='ocrx_word' id='word_1_299' title='bbox 1367 2139 1424 2175; x_wconf 83' lang='lat' dir='ltr'>qua</span> 
     </span>
    </p>
   </div>
  </div>
 </body>
</html>
