<?xml version="1.0" encoding="UTF-8"?>
<!DOCTYPE html PUBLIC "-//W3C//DTD XHTML 1.0 Transitional//EN"
    "http://www.w3.org/TR/xhtml1/DTD/xhtml1-transitional.dtd">
<html xmlns="http://www.w3.org/1999/xhtml" xml:lang="en" lang="en">
 <head>
  <title>
</title>
<meta http-equiv="Content-Type" content="text/html;charset=utf-8" />
  <meta name='ocr-system' content='tesseract 3.04.00' />
  <meta name='ocr-capabilities' content='ocr_page ocr_carea ocr_par ocr_line ocrx_word'/>
</head>
<body>
  <div class='ocr_page' id='page_1' title='image "./quintibellisacri00rhuoft_0076.png"; bbox 0 0 1624 2788; ppageno 0'>
   <div class='ocr_carea' id='block_1_1' title="bbox 350 253 959 283">
    <p class='ocr_par' dir='ltr' id='par_1_1' title="bbox 350 253 959 283">
     <span class='ocr_line' id='line_1_1' title="bbox 350 253 959 283; baseline -0.008 0"><span class='ocrx_word' id='word_1_1' title='bbox 350 259 393 283; x_wconf 89' lang='lat'>20</span> <span class='ocrx_word' id='word_1_2' title='bbox 743 253 959 281; x_wconf 80' lang='lat' dir='ltr'>ORDINACIO</span> 
     </span>
    </p>
   </div>
   <div class='ocr_carea' id='block_1_2' title="bbox 662 310 1225 318">
    <p class='ocr_par' dir='ltr' id='par_1_2' title="bbox 662 310 1225 318">
     <span class='ocr_line' id='line_1_2' title="bbox 662 310 1225 318; baseline 0 0"><span class='ocrx_word' id='word_1_3' title='bbox 662 310 1225 318; x_wconf 95' lang='lat' dir='ltr'> </span> 
     </span>
    </p>
   </div>
   <div class='ocr_carea' id='block_1_3' title="bbox 347 360 1579 2178">
    <p class='ocr_par' dir='ltr' id='par_1_3' title="bbox 347 360 1579 1522">
     <span class='ocr_line' id='line_1_3' title="bbox 347 360 1372 410; baseline -0.006 -10"><span class='ocrx_word' id='word_1_4' title='bbox 347 364 455 400; x_wconf 90' lang='lat' dir='ltr'>cordis</span> <span class='ocrx_word' id='word_1_5' title='bbox 469 363 511 399; x_wconf 91' lang='lat' dir='ltr'>ad</span> <span class='ocrx_word' id='word_1_6' title='bbox 523 362 710 399; x_wconf 82' lang='lat' dir='ltr'>crucifixum</span> <span class='ocrx_word' id='word_1_7' title='bbox 719 375 780 410; x_wconf 90' lang='lat' dir='ltr'>pro</span> <span class='ocrx_word' id='word_1_8' title='bbox 794 374 825 397; x_wconf 91' lang='lat' dir='ltr'>te</span> <span class='ocrx_word' id='word_1_9' title='bbox 838 362 1024 410; x_wconf 86' lang='lat' dir='ltr'>suspensum</span> <span class='ocrx_word' id='word_1_10' title='bbox 1033 362 1067 396; x_wconf 92' lang='lat' dir='ltr'>in</span> <span class='ocrx_word' id='word_1_11' title='bbox 1081 373 1187 403; x_wconf 90' lang='lat' dir='ltr'>cruce,</span> <span class='ocrx_word' id='word_1_12' title='bbox 1197 360 1372 407; x_wconf 87' lang='lat' dir='ltr'>&amp;sequere</span> 
     </span>
     <span class='ocr_line' id='line_1_4' title="bbox 347 413 1374 460; baseline -0.006 -7"><span class='ocrx_word' id='word_1_13' title='bbox 347 421 414 455; x_wconf 85' lang='lat' dir='ltr'>me!</span> <span class='ocrx_word' id='word_1_14' title='bbox 450 417 628 453; x_wconf 82' lang='lat' dir='ltr'>Eustachius</span> <span class='ocrx_word' id='word_1_15' title='bbox 646 418 680 451; x_wconf 90' lang='lat'>&amp;</span> <span class='ocrx_word' id='word_1_16' title='bbox 697 415 885 460; x_wconf 89' lang='lat' dir='ltr'>Gaufridus,</span> <span class='ocrx_word' id='word_1_17' title='bbox 903 415 1018 450; x_wconf 86' lang='lat' dir='ltr'>milites</span> <span class='ocrx_word' id='word_1_18' title='bbox 1036 413 1239 449; x_wconf 76' lang='lat' dir='ltr'>flandrenses</span> <span class='ocrx_word' id='word_1_19' title='bbox 1257 414 1291 448; x_wconf 92' lang='lat'>&amp;</span> <span class='ocrx_word' id='word_1_20' title='bbox 1310 414 1374 448; x_wconf 74' lang='lat' dir='ltr'>sta-</span> 
     </span>
     <span class='ocr_line' id='line_1_5' title="bbox 349 467 1375 517; baseline -0.005 -10"><span class='ocrx_word' id='word_1_21' title='bbox 349 485 420 517; x_wconf 89' lang='lat' dir='ltr'>tres,</span> <span class='ocrx_word' id='word_1_22' title='bbox 430 471 471 507; x_wconf 94' lang='lat' dir='ltr'>ad</span> <span class='ocrx_word' id='word_1_23' title='bbox 479 472 621 507; x_wconf 82' lang='lat' dir='ltr'>invicem</span> <span class='ocrx_word' id='word_1_24' title='bbox 634 482 790 506; x_wconf 91' lang='lat' dir='ltr'>venerunt</span> <span class='ocrx_word' id='word_1_25' title='bbox 799 470 831 504; x_wconf 90' lang='lat' dir='ltr'>in</span> <span class='ocrx_word' id='word_1_26' title='bbox 840 470 974 504; x_wconf 86' lang='lat' dir='ltr'>Terram</span> <span class='ocrx_word' id='word_1_27' title='bbox 986 470 1149 510; x_wconf 64' lang='lat' dir='ltr'>San&amp;am,</span> <span class='ocrx_word' id='word_1_28' title='bbox 1161 469 1195 502; x_wconf 92' lang='lat'>&amp;</span> <span class='ocrx_word' id='word_1_29' title='bbox 1207 468 1242 502; x_wconf 90' lang='lat' dir='ltr'>in</span> <span class='ocrx_word' id='word_1_30' title='bbox 1259 467 1375 515; x_wconf 86' lang='lat' dir='ltr'>ampli-</span> 
     </span>
     <span class='ocr_line' id='line_1_6' title="bbox 349 521 1376 572; baseline -0.006 -12"><span class='ocrx_word' id='word_1_31' title='bbox 349 525 457 561; x_wconf 87' lang='lat' dir='ltr'>cando</span> <span class='ocrx_word' id='word_1_32' title='bbox 467 523 646 560; x_wconf 87' lang='lat' dir='ltr'>Gaufridus</span> <span class='ocrx_word' id='word_1_33' title='bbox 664 537 763 572; x_wconf 85' lang='lat' dir='ltr'>grave</span> <span class='ocrx_word' id='word_1_34' title='bbox 780 524 897 559; x_wconf 86' lang='lat' dir='ltr'>vulnus</span> <span class='ocrx_word' id='word_1_35' title='bbox 915 523 1036 569; x_wconf 86' lang='lat' dir='ltr'>recepit</span> <span class='ocrx_word' id='word_1_36' title='bbox 1052 523 1097 566; x_wconf 91' lang='lat'>&amp;‚</span> <span class='ocrx_word' id='word_1_37' title='bbox 1115 533 1293 567; x_wconf 86' lang='lat' dir='ltr'>antequam</span> <span class='ocrx_word' id='word_1_38' title='bbox 1309 521 1376 569; x_wconf 89' lang='lat' dir='ltr'>ipse</span> 
     </span>
     <span class='ocr_line' id='line_1_7' title="bbox 349 574 1377 622; baseline -0.006 -8"><span class='ocrx_word' id='word_1_39' title='bbox 349 580 521 622; x_wconf 84' lang='lat' dir='ltr'>sanaretur,</span> <span class='ocrx_word' id='word_1_40' title='bbox 539 577 712 612; x_wconf 84' lang='lat' dir='ltr'>Christiani</span> <span class='ocrx_word' id='word_1_41' title='bbox 724 590 800 611; x_wconf 90' lang='lat' dir='ltr'>cum</span> <span class='ocrx_word' id='word_1_42' title='bbox 813 577 992 611; x_wconf 89' lang='lat' dir='ltr'>Sarracenis</span> <span class='ocrx_word' id='word_1_43' title='bbox 1007 574 1129 610; x_wconf 90' lang='lat' dir='ltr'>bellum</span> <span class='ocrx_word' id='word_1_44' title='bbox 1140 575 1291 619; x_wconf 91' lang='lat' dir='ltr'>inierunt,</span> <span class='ocrx_word' id='word_1_45' title='bbox 1301 586 1377 608; x_wconf 89' lang='lat' dir='ltr'>cum</span> 
     </span>
     <span class='ocr_line' id='line_1_8' title="bbox 349 626 1378 681; baseline -0.005 -14"><span class='ocrx_word' id='word_1_46' title='bbox 349 633 416 681; x_wconf 88' lang='lat' dir='ltr'>ipse</span> <span class='ocrx_word' id='word_1_47' title='bbox 442 631 634 676; x_wconf 86' lang='lat' dir='ltr'>Gaufridus,</span> <span class='ocrx_word' id='word_1_48' title='bbox 659 630 844 665; x_wconf 86' lang='lat' dir='ltr'>infirmitate</span> <span class='ocrx_word' id='word_1_49' title='bbox 868 630 1008 665; x_wconf 88' lang='lat' dir='ltr'>vulneris</span> <span class='ocrx_word' id='word_1_50' title='bbox 1038 641 1199 677; x_wconf 77' lang='lat' dir='ltr'>gravatuS,</span> <span class='ocrx_word' id='word_1_51' title='bbox 1228 626 1378 663; x_wconf 83' lang='lat' dir='ltr'>intereffe</span> 
     </span>
     <span class='ocr_line' id='line_1_9' title="bbox 350 681 1378 733; baseline -0.005 -13"><span class='ocrx_word' id='word_1_52' title='bbox 350 699 419 721; x_wconf 92' lang='lat' dir='ltr'>non</span> <span class='ocrx_word' id='word_1_53' title='bbox 444 686 552 733; x_wconf 87' lang='lat' dir='ltr'>potuit</span> <span class='ocrx_word' id='word_1_54' title='bbox 577 686 610 719; x_wconf 75' lang='grc' dir='ltr'>ὃ(</span> <span class='ocrx_word' id='word_1_55' title='bbox 635 684 710 719; x_wconf 89' lang='lat' dir='ltr'>ideo</span> <span class='ocrx_word' id='word_1_56' title='bbox 737 684 866 731; x_wconf 87' lang='lat' dir='ltr'>rogavit</span> <span class='ocrx_word' id='word_1_57' title='bbox 890 683 1020 718; x_wconf 89' lang='lat' dir='ltr'>fratrem</span> <span class='ocrx_word' id='word_1_58' title='bbox 1049 683 1139 717; x_wconf 91' lang='lat' dir='ltr'>suum</span> <span class='ocrx_word' id='word_1_59' title='bbox 1167 681 1378 726; x_wconf 87' lang='lat' dir='ltr'>Eustachium,</span> 
     </span>
     <span class='ocr_line' id='line_1_10' title="bbox 351 735 1376 787; baseline -0.004 -14"><span class='ocrx_word' id='word_1_60' title='bbox 351 738 443 787; x_wconf 87' lang='lat' dir='ltr'>quod</span> <span class='ocrx_word' id='word_1_61' title='bbox 462 738 527 786; x_wconf 92' lang='lat' dir='ltr'>ipse</span> <span class='ocrx_word' id='word_1_62' title='bbox 546 751 613 772; x_wconf 92' lang='lat' dir='ltr'>non</span> <span class='ocrx_word' id='word_1_63' title='bbox 631 739 761 773; x_wconf 78' lang='lat' dir='ltr'>intraret</span> <span class='ocrx_word' id='word_1_64' title='bbox 775 736 907 781; x_wconf 89' lang='lat' dir='ltr'>bellum,</span> <span class='ocrx_word' id='word_1_65' title='bbox 923 735 977 771; x_wconf 92' lang='lat' dir='ltr'>sed</span> <span class='ocrx_word' id='word_1_66' title='bbox 991 748 1048 783; x_wconf 91' lang='lat' dir='ltr'>per</span> <span class='ocrx_word' id='word_1_67' title='bbox 1059 746 1110 770; x_wconf 86' lang='lat' dir='ltr'>XV</span> <span class='ocrx_word' id='word_1_68' title='bbox 1127 735 1195 770; x_wconf 86' lang='lat' dir='ltr'>dies</span> <span class='ocrx_word' id='word_1_69' title='bbox 1213 735 1376 783; x_wconf 69' lang='lat' dir='ltr'>exspesta-</span> 
     </span>
     <span class='ocr_line' id='line_1_11' title="bbox 351 789 1378 839; baseline -0.005 -12"><span class='ocrx_word' id='word_1_70' title='bbox 351 804 409 836; x_wconf 90' lang='lat' dir='ltr'>ret,</span> <span class='ocrx_word' id='word_1_71' title='bbox 423 791 531 827; x_wconf 92' lang='lat' dir='ltr'>donec</span> <span class='ocrx_word' id='word_1_72' title='bbox 545 805 601 839; x_wconf 90' lang='lat' dir='ltr'>per</span> <span class='ocrx_word' id='word_1_73' title='bbox 611 792 673 826; x_wconf 90' lang='lat' dir='ltr'>Dei</span> <span class='ocrx_word' id='word_1_74' title='bbox 687 791 841 838; x_wconf 83' lang='lat' dir='ltr'>graciam,</span> <span class='ocrx_word' id='word_1_75' title='bbox 852 790 985 825; x_wconf 90' lang='lat' dir='ltr'>sanitate</span> <span class='ocrx_word' id='word_1_76' title='bbox 999 801 1196 836; x_wconf 79' lang='lat' dir='ltr'>recuperata,</span> <span class='ocrx_word' id='word_1_77' title='bbox 1211 789 1378 823; x_wconf 87' lang='lat' dir='ltr'>consortes</span> 
     </span>
     <span class='ocr_line' id='line_1_12' title="bbox 351 842 1378 892; baseline -0.005 -11"><span class='ocrx_word' id='word_1_78' title='bbox 351 845 473 881; x_wconf 89' lang='lat' dir='ltr'>bellum</span> <span class='ocrx_word' id='word_1_79' title='bbox 506 846 634 880; x_wconf 89' lang='lat' dir='ltr'>inirent.</span> <span class='ocrx_word' id='word_1_80' title='bbox 672 843 851 892; x_wconf 86' lang='lat' dir='ltr'>Respondit</span> <span class='ocrx_word' id='word_1_81' title='bbox 878 856 987 878; x_wconf 92' lang='lat' dir='ltr'>autem</span> <span class='ocrx_word' id='word_1_82' title='bbox 1016 842 1194 877; x_wconf 82' lang='lat' dir='ltr'>Eustachius</span> <span class='ocrx_word' id='word_1_83' title='bbox 1219 854 1378 889; x_wconf 87' lang='lat' dir='ltr'>tanquam</span> 
     </span>
     <span class='ocr_line' id='line_1_13' title="bbox 351 896 1378 945; baseline -0.005 -11"><span class='ocrx_word' id='word_1_84' title='bbox 351 912 444 935; x_wconf 92' lang='lat' dir='ltr'>verus</span> <span class='ocrx_word' id='word_1_85' title='bbox 462 898 551 933; x_wconf 90' lang='lat' dir='ltr'>miles</span> <span class='ocrx_word' id='word_1_86' title='bbox 571 898 688 933; x_wconf 84' lang='lat' dir='ltr'>Christi</span> <span class='ocrx_word' id='word_1_87' title='bbox 706 897 902 945; x_wconf 90' lang='lat' dir='ltr'>cupiensque</span> <span class='ocrx_word' id='word_1_88' title='bbox 921 897 1042 942; x_wconf 86' lang='lat' dir='ltr'>diffolvi</span> <span class='ocrx_word' id='word_1_89' title='bbox 1059 896 1090 930; x_wconf 60' lang='grc' dir='ltr'>ἃ</span> <span class='ocrx_word' id='word_1_90' title='bbox 1103 897 1158 941; x_wconf 70' lang='lat' dir='ltr'>effe</span> <span class='ocrx_word' id='word_1_91' title='bbox 1177 910 1241 930; x_wconf 85' lang='lat' dir='ltr'>cum</span> <span class='ocrx_word' id='word_1_92' title='bbox 1261 897 1378 940; x_wconf 78' lang='lat' dir='ltr'>Clmsto</span> 
     </span>
     <span class='ocr_line' id='line_1_14' title="bbox 353 948 1579 999; baseline -0.007 -12"><span class='ocrx_word' id='word_1_93' title='bbox 353 953 454 999; x_wconf 82' lang='lat' dir='ltr'>(Phil.,</span> <span class='ocrx_word' id='word_1_94' title='bbox 483 962 506 997; x_wconf 91' lang='lat'>1,</span> <span class='ocrx_word' id='word_1_95' title='bbox 536 953 595 999; x_wconf 90' lang='lat'>23)</span> <span class='ocrx_word' id='word_1_96' title='bbox 619 968 626 986; x_wconf 81' lang='lat' dir='ltr'><strong><em>z</em></strong></span> <span class='ocrx_word' id='word_1_97' title='bbox 654 950 790 986; x_wconf 84' lang='lat' dir='ltr'>Differre</span> <span class='ocrx_word' id='word_1_98' title='bbox 812 950 902 994; x_wconf 85' lang='lat' dir='ltr'>nolo,</span> <span class='ocrx_word' id='word_1_99' title='bbox 937 950 1016 996; x_wconf 90' lang='lat' dir='ltr'>quin</span> <span class='ocrx_word' id='word_1_100' title='bbox 1045 948 1203 985; x_wconf 82' lang='lat' dir='ltr'>invadam</span> <span class='ocrx_word' id='word_1_101' title='bbox 1227 949 1378 983; x_wconf 85' lang='lat' dir='ltr'>inimicos</span> <span class='ocrx_word' id='word_1_102' title='bbox 1393 958 1415 981; x_wconf 78' lang='grc' dir='ltr'><strong>Α</strong></span> <span class='ocrx_word' id='word_1_103' title='bbox 1431 957 1485 987; x_wconf 82' lang='lat' dir='ltr'>f.⁶3</span> <span class='ocrx_word' id='word_1_104' title='bbox 1495 964 1516 986; x_wconf 76' lang='lat' dir='ltr'>a,</span> <span class='ocrx_word' id='word_1_105' title='bbox 1527 965 1547 980; x_wconf 77' lang='lat' dir='ltr'>c.</span> <span class='ocrx_word' id='word_1_106' title='bbox 1558 963 1579 980; x_wconf 86' lang='lat'>1.</span> 
     </span>
     <span class='ocr_line' id='line_1_15' title="bbox 353 1005 1377 1051; baseline -0.004 -11"><span class='ocrx_word' id='word_1_107' title='bbox 353 1005 505 1050; x_wconf 85' lang='lat' dir='ltr'>crucifixi,</span> <span class='ocrx_word' id='word_1_108' title='bbox 525 1021 542 1036; x_wconf 81' lang='grc' dir='ltr'>α</span> <span class='ocrx_word' id='word_1_109' title='bbox 554 1009 607 1039; x_wconf 79' lang='lat' dir='ltr'>kar</span> <span class='ocrx_word' id='word_1_110' title='bbox 626 1017 717 1051; x_wconf 80' lang='lat' dir='ltr'>grant</span> <span class='ocrx_word' id='word_1_111' title='bbox 739 1017 885 1050; x_wconf 82' lang='lat' dir='ltr'>avantage</span> <span class='ocrx_word' id='word_1_112' title='bbox 902 1006 1023 1038; x_wconf 79' lang='lat' dir='ltr'>oueroie</span> <span class='ocrx_word' id='word_1_113' title='bbox 1041 1005 1078 1037; x_wconf 84' lang='lat' dir='ltr'>de</span> <span class='ocrx_word' id='word_1_114' title='bbox 1095 1006 1178 1037; x_wconf 81' lang='lat' dir='ltr'>venir</span> <span class='ocrx_word' id='word_1_115' title='bbox 1205 1006 1222 1036; x_wconf 83' lang='grc' dir='ltr'><em>ὰ</em></span> <span class='ocrx_word' id='word_1_116' title='bbox 1241 1006 1310 1036; x_wconf 78' lang='lat' dir='ltr'>‘Dea</span> <span class='ocrx_word' id='word_1_117' title='bbox 1332 1015 1377 1037; x_wconf 82' lang='lat' dir='ltr'>xv.</span> 
     </span>
     <span class='ocr_line' id='line_1_16' title="bbox 353 1055 1380 1106; baseline -0.004 -12"><span class='ocrx_word' id='word_1_118' title='bbox 353 1062 417 1094; x_wconf 82' lang='lat' dir='ltr'>iurs</span> <span class='ocrx_word' id='word_1_119' title='bbox 430 1061 504 1106; x_wconf 85' lang='lat' dir='ltr'>plus</span> <span class='ocrx_word' id='word_1_120' title='bbox 520 1071 564 1093; x_wconf 85' lang='lat' dir='ltr'>tot</span> <span class='ocrx_word' id='word_1_121' title='bbox 576 1062 610 1092; x_wconf 84' lang='lat' dir='ltr'>ke</span> <span class='ocrx_word' id='word_1_122' title='bbox 626 1072 690 1101; x_wconf 82' lang='lat' dir='ltr'>vus,</span> <span class='ocrx_word' id='word_1_123' title='bbox 702 1073 719 1087; x_wconf 76' lang='lat' dir='ltr'>n</span> <span class='ocrx_word' id='word_1_124' title='bbox 731 1059 766 1092; x_wconf 73' lang='grc' dir='ltr'>ὅ(</span> <span class='ocrx_word' id='word_1_125' title='bbox 778 1058 836 1091; x_wconf 90' lang='lat' dir='ltr'>ivit</span> <span class='ocrx_word' id='word_1_126' title='bbox 846 1057 879 1091; x_wconf 89' lang='lat' dir='ltr'>in</span> <span class='ocrx_word' id='word_1_127' title='bbox 889 1055 1010 1091; x_wconf 88' lang='lat' dir='ltr'>bellurn</span> <span class='ocrx_word' id='word_1_128' title='bbox 1024 1058 1190 1101; x_wconf 88' lang='lat' dir='ltr'>&amp;martyr</span> <span class='ocrx_word' id='word_1_129' title='bbox 1199 1056 1262 1090; x_wconf 87' lang='lat' dir='ltr'>Dei</span> <span class='ocrx_word' id='word_1_130' title='bbox 1277 1055 1380 1090; x_wconf 66' lang='lat' dir='ltr'>factus</span> 
     </span>
     <span class='ocr_line' id='line_1_17' title="bbox 354 1108 1380 1157; baseline -0.004 -10"><span class='ocrx_word' id='word_1_131' title='bbox 354 1113 407 1147; x_wconf 85' lang='lat' dir='ltr'>est.</span> <span class='ocrx_word' id='word_1_132' title='bbox 448 1113 524 1147; x_wconf 90' lang='lat' dir='ltr'>l-loc</span> <span class='ocrx_word' id='word_1_133' title='bbox 542 1110 654 1146; x_wconf 81' lang='lat' dir='ltr'>audito</span> <span class='ocrx_word' id='word_1_134' title='bbox 682 1124 700 1145; x_wconf 90' lang='lat' dir='ltr'>a</span> <span class='ocrx_word' id='word_1_135' title='bbox 718 1122 820 1145; x_wconf 88' lang='lat' dir='ltr'>matre</span> <span class='ocrx_word' id='word_1_136' title='bbox 839 1110 994 1157; x_wconf 80' lang='lat' dir='ltr'>ipsorum,</span> <span class='ocrx_word' id='word_1_137' title='bbox 1013 1110 1080 1157; x_wconf 90' lang='lat' dir='ltr'>ipsa</span> <span class='ocrx_word' id='word_1_138' title='bbox 1097 1108 1241 1145; x_wconf 89' lang='lat' dir='ltr'>laudavit</span> <span class='ocrx_word' id='word_1_139' title='bbox 1259 1109 1380 1153; x_wconf 85' lang='lat' dir='ltr'>Deum,</span> 
     </span>
     <span class='ocr_line' id='line_1_18' title="bbox 355 1162 1382 1214; baseline -0.005 -13"><span class='ocrx_word' id='word_1_140' title='bbox 355 1165 446 1214; x_wconf 91' lang='lat' dir='ltr'>quod</span> <span class='ocrx_word' id='word_1_141' title='bbox 467 1166 534 1212; x_wconf 90' lang='lat' dir='ltr'>ipse</span> <span class='ocrx_word' id='word_1_142' title='bbox 563 1166 607 1199; x_wconf 87' lang='lat' dir='ltr'>ita</span> <span class='ocrx_word' id='word_1_143' title='bbox 636 1164 806 1211; x_wconf 86' lang='lat' dir='ltr'>respexerit</span> <span class='ocrx_word' id='word_1_144' title='bbox 831 1177 918 1206; x_wconf 88' lang='lat' dir='ltr'>eam,</span> <span class='ocrx_word' id='word_1_145' title='bbox 945 1162 1036 1210; x_wconf 91' lang='lat' dir='ltr'>quod</span> <span class='ocrx_word' id='word_1_146' title='bbox 1059 1163 1128 1211; x_wconf 80' lang='lat' dir='ltr'>ipsa</span> <span class='ocrx_word' id='word_1_147' title='bbox 1153 1162 1256 1197; x_wconf 91' lang='lat' dir='ltr'>filium</span> <span class='ocrx_word' id='word_1_148' title='bbox 1284 1162 1382 1197; x_wconf 90' lang='lat' dir='ltr'>talem</span> 
     </span>
     <span class='ocr_line' id='line_1_19' title="bbox 355 1215 1383 1268; baseline -0.003 -14"><span class='ocrx_word' id='word_1_149' title='bbox 355 1220 491 1268; x_wconf 82' lang='lat' dir='ltr'>peperit,</span> <span class='ocrx_word' id='word_1_150' title='bbox 515 1219 569 1265; x_wconf 89' lang='lat' dir='ltr'>qui</span> <span class='ocrx_word' id='word_1_151' title='bbox 592 1219 621 1253; x_wconf 90' lang='lat' dir='ltr'>ei</span> <span class='ocrx_word' id='word_1_152' title='bbox 637 1218 695 1252; x_wconf 81' lang='lat' dir='ltr'>fuit</span> <span class='ocrx_word' id='word_1_153' title='bbox 711 1216 887 1265; x_wconf 86' lang='lat' dir='ltr'>placabilis.</span> <span class='ocrx_word' id='word_1_154' title='bbox 907 1218 991 1261; x_wconf 86' lang='lat' dir='ltr'>Socij</span> <span class='ocrx_word' id='word_1_155' title='bbox 1012 1215 1118 1252; x_wconf 90' lang='lat' dir='ltr'>Iacobi</span> <span class='ocrx_word' id='word_1_156' title='bbox 1135 1216 1176 1251; x_wconf 90' lang='lat' dir='ltr'>de</span> <span class='ocrx_word' id='word_1_157' title='bbox 1194 1216 1383 1252; x_wconf 86' lang='lat' dir='ltr'>Aventhnes</span> 
     </span>
     <span class='ocr_line' id='line_1_20' title="bbox 355 1269 1384 1315; baseline -0.003 -8"><span class='ocrx_word' id='word_1_158' title='bbox 355 1273 465 1308; x_wconf 87' lang='lat' dir='ltr'>militis</span> <span class='ocrx_word' id='word_1_159' title='bbox 483 1271 630 1307; x_wconf 84' lang='lat' dir='ltr'>dixerunt</span> <span class='ocrx_word' id='word_1_160' title='bbox 649 1289 656 1306; x_wconf 86' lang='grc'>;</span> <span class='ocrx_word' id='word_1_161' title='bbox 675 1272 758 1315; x_wconf 90' lang='lat' dir='ltr'>Socij</span> <span class='ocrx_word' id='word_1_162' title='bbox 780 1271 893 1305; x_wconf 90' lang='lat' dir='ltr'>nostris</span> <span class='ocrx_word' id='word_1_163' title='bbox 909 1283 1024 1305; x_wconf 88' lang='lat' dir='ltr'>omnes</span> <span class='ocrx_word' id='word_1_164' title='bbox 1041 1271 1234 1313; x_wconf 89' lang='lat' dir='ltr'>moriuntur,</span> <span class='ocrx_word' id='word_1_165' title='bbox 1253 1269 1384 1304; x_wconf 93' lang='lat' dir='ltr'>receda-</span> 
     </span>
     <span class='ocr_line' id='line_1_21' title="bbox 354 1323 1383 1370; baseline -0.004 -9"><span class='ocrx_word' id='word_1_166' title='bbox 354 1340 426 1361; x_wconf 90' lang='lat' dir='ltr'>mus</span> <span class='ocrx_word' id='word_1_167' title='bbox 443 1340 461 1361; x_wconf 92' lang='lat' dir='ltr'>a</span> <span class='ocrx_word' id='word_1_168' title='bbox 479 1325 654 1370; x_wconf 78' lang='lat' dir='ltr'>Saracenis,</span> <span class='ocrx_word' id='word_1_169' title='bbox 675 1326 709 1359; x_wconf 90' lang='lat'>&amp;</span> <span class='ocrx_word' id='word_1_170' title='bbox 731 1323 865 1359; x_wconf 88' lang='lat' dir='ltr'>lacobus</span> <span class='ocrx_word' id='word_1_171' title='bbox 890 1323 978 1368; x_wconf 83' lang='lat' dir='ltr'>dixit,</span> <span class='ocrx_word' id='word_1_172' title='bbox 1006 1340 1023 1355; x_wconf 75' lang='grc' dir='ltr'><em>υ</em></span> <span class='ocrx_word' id='word_1_173' title='bbox 1035 1326 1087 1358; x_wconf 88' lang='lat' dir='ltr'>lou</span> <span class='ocrx_word' id='word_1_174' title='bbox 1104 1326 1179 1358; x_wconf 84' lang='lat' dir='ltr'>ireie</span> <span class='ocrx_word' id='word_1_175' title='bbox 1189 1324 1264 1369; x_wconf 79' lang='lat' dir='ltr'>plus</span> <span class='ocrx_word' id='word_1_176' title='bbox 1281 1324 1383 1358; x_wconf 78' lang='lat' dir='ltr'>volen-</span> 
     </span>
     <span class='ocr_line' id='line_1_22' title="bbox 355 1376 1385 1425; baseline -0.004 -11"><span class='ocrx_word' id='word_1_177' title='bbox 355 1384 428 1415; x_wconf 82' lang='lat' dir='ltr'>tiers</span> <span class='ocrx_word' id='word_1_178' title='bbox 446 1381 477 1414; x_wconf 82' lang='grc' dir='ltr'>[ὰ</span> <span class='ocrx_word' id='word_1_179' title='bbox 491 1394 508 1413; x_wconf 88' lang='lat' dir='ltr'><em>u</em></span> <span class='ocrx_word' id='word_1_180' title='bbox 522 1393 577 1414; x_wconf 85' lang='lat' dir='ltr'>nus</span> <span class='ocrx_word' id='word_1_181' title='bbox 592 1382 676 1413; x_wconf 74' lang='lat' dir='ltr'>home</span> <span class='ocrx_word' id='word_1_182' title='bbox 690 1393 725 1412; x_wconf 84' lang='lat' dir='ltr'>ne</span> <span class='ocrx_word' id='word_1_183' title='bbox 741 1392 786 1412; x_wconf 85' lang='lat' dir='ltr'>me</span> <span class='ocrx_word' id='word_1_184' title='bbox 801 1380 960 1422; x_wconf 81' lang='lat' dir='ltr'>conestreit.</span> <span class='ocrx_word' id='word_1_185' title='bbox 970 1394 987 1409; x_wconf 73' lang='grc' dir='ltr'>υ</span> <span class='ocrx_word' id='word_1_186' title='bbox 1008 1377 1048 1412; x_wconf 85' lang='lat' dir='ltr'>Ex</span> <span class='ocrx_word' id='word_1_187' title='bbox 1062 1390 1129 1424; x_wconf 92' lang='lat' dir='ltr'>quo</span> <span class='ocrx_word' id='word_1_188' title='bbox 1143 1390 1223 1425; x_wconf 85' lang='lat' dir='ltr'>ergo</span> <span class='ocrx_word' id='word_1_189' title='bbox 1237 1376 1385 1410; x_wconf 87' lang='lat' dir='ltr'>morituri</span> 
     </span>
     <span class='ocr_line' id='line_1_23' title="bbox 356 1430 1384 1481; baseline -0.004 -13"><span class='ocrx_word' id='word_1_190' title='bbox 356 1434 436 1478; x_wconf 89' lang='lat' dir='ltr'>estis,</span> <span class='ocrx_word' id='word_1_191' title='bbox 455 1434 572 1481; x_wconf 87' lang='lat' dir='ltr'>surgite</span> <span class='ocrx_word' id='word_1_192' title='bbox 591 1432 720 1476; x_wconf 88' lang='lat' dir='ltr'>scilicet,</span> <span class='ocrx_word' id='word_1_193' title='bbox 739 1443 773 1466; x_wconf 90' lang='lat' dir='ltr'>ut</span> <span class='ocrx_word' id='word_1_194' title='bbox 789 1432 823 1466; x_wconf 90' lang='lat' dir='ltr'>in</span> <span class='ocrx_word' id='word_1_195' title='bbox 841 1443 946 1466; x_wconf 92' lang='lat' dir='ltr'>morte</span> <span class='ocrx_word' id='word_1_196' title='bbox 959 1432 993 1465; x_wconf 73' lang='grc' dir='ltr'>δε</span> <span class='ocrx_word' id='word_1_197' title='bbox 1006 1443 1066 1478; x_wconf 91' lang='lat' dir='ltr'>per</span> <span class='ocrx_word' id='word_1_198' title='bbox 1082 1442 1224 1467; x_wconf 89' lang='lat' dir='ltr'>mortem</span> <span class='ocrx_word' id='word_1_199' title='bbox 1237 1430 1384 1465; x_wconf 88' lang='lat' dir='ltr'>invenia-</span> 
     </span>
     <span class='ocr_line' id='line_1_24' title="bbox 356 1487 561 1522; baseline 0.005 -1"><span class='ocrx_word' id='word_1_200' title='bbox 356 1500 427 1522; x_wconf 88' lang='lat' dir='ltr'>mus</span> <span class='ocrx_word' id='word_1_201' title='bbox 443 1487 561 1522; x_wconf 89' lang='lat' dir='ltr'>vitam!</span> 
     </span>
    </p>

    <p class='ocr_par' dir='ltr' id='par_1_4' title="bbox 357 1530 1578 2178">
     <span class='ocr_line' id='line_1_25' title="bbox 406 1530 1386 1586; baseline -0.003 -11"><span class='ocrx_word' id='word_1_202' title='bbox 406 1543 496 1575; x_wconf 86' lang='lat' dir='ltr'>Item:</span> <span class='ocrx_word' id='word_1_203' title='bbox 507 1540 538 1574; x_wconf 88' lang='lat' dir='ltr'>Si</span> <span class='ocrx_word' id='word_1_204' title='bbox 552 1540 621 1586; x_wconf 89' lang='lat' dir='ltr'>quis</span> <span class='ocrx_word' id='word_1_205' title='bbox 635 1538 757 1573; x_wconf 86' lang='lat' dir='ltr'>habens</span> <span class='ocrx_word' id='word_1_206' title='bbox 768 1538 926 1573; x_wconf 82' lang='lat' dir='ltr'>talentum</span> <span class='ocrx_word' id='word_1_207' title='bbox 939 1551 1008 1572; x_wconf 89' lang='lat' dir='ltr'>non</span> <span class='ocrx_word' id='word_1_208' title='bbox 1022 1537 1127 1584; x_wconf 91' lang='lat' dir='ltr'>ipsum</span> <span class='ocrx_word' id='word_1_209' title='bbox 1140 1530 1246 1584; x_wconf 75' lang='lat' dir='ltr'>poffet</span> <span class='ocrx_word' id='word_1_210' title='bbox 1259 1537 1386 1585; x_wconf 87' lang='lat' dir='ltr'>semper</span> 
     </span>
     <span class='ocr_line' id='line_1_26' title="bbox 357 1590 1384 1639; baseline -0.004 -10"><span class='ocrx_word' id='word_1_211' title='bbox 357 1594 502 1638; x_wconf 84' lang='lat' dir='ltr'>retinere,</span> <span class='ocrx_word' id='word_1_212' title='bbox 524 1592 579 1627; x_wconf 90' lang='lat' dir='ltr'>sed</span> <span class='ocrx_word' id='word_1_213' title='bbox 602 1604 769 1639; x_wconf 86' lang='lat' dir='ltr'>oporteret</span> <span class='ocrx_word' id='word_1_214' title='bbox 792 1591 832 1626; x_wconf 89' lang='lat' dir='ltr'>de</span> <span class='ocrx_word' id='word_1_215' title='bbox 851 1590 1031 1626; x_wconf 79' lang='lat' dir='ltr'>neceffitate</span> <span class='ocrx_word' id='word_1_216' title='bbox 1053 1602 1094 1624; x_wconf 91' lang='lat' dir='ltr'>eo</span> <span class='ocrx_word' id='word_1_217' title='bbox 1122 1602 1240 1634; x_wconf 86' lang='lat' dir='ltr'>carere,</span> <span class='ocrx_word' id='word_1_218' title='bbox 1267 1591 1384 1638; x_wconf 83' lang='lat' dir='ltr'>&amp;ipse</span> 
     </span>
     <span class='ocr_line' id='line_1_27' title="bbox 357 1643 1383 1695; baseline -0.004 -13"><span class='ocrx_word' id='word_1_219' title='bbox 357 1660 418 1695; x_wconf 90' lang='lat' dir='ltr'>pro</span> <span class='ocrx_word' id='word_1_220' title='bbox 436 1647 506 1695; x_wconf 87' lang='lat' dir='ltr'>ipso</span> <span class='ocrx_word' id='word_1_221' title='bbox 525 1646 617 1681; x_wconf 94' lang='lat' dir='ltr'>bono</span> <span class='ocrx_word' id='word_1_222' title='bbox 635 1645 758 1680; x_wconf 88' lang='lat' dir='ltr'>talento</span> <span class='ocrx_word' id='word_1_223' title='bbox 777 1644 901 1679; x_wconf 87' lang='lat' dir='ltr'>bonam</span> <span class='ocrx_word' id='word_1_224' title='bbox 918 1644 1063 1691; x_wconf 87' lang='lat' dir='ltr'>aliquam</span> <span class='ocrx_word' id='word_1_225' title='bbox 1078 1643 1243 1678; x_wconf 84' lang='lat' dir='ltr'>civitatem</span> <span class='ocrx_word' id='word_1_226' title='bbox 1260 1643 1312 1679; x_wconf 91' lang='lat' dir='ltr'>vel</span> <span class='ocrx_word' id='word_1_227' title='bbox 1329 1644 1383 1678; x_wconf 91' lang='lat' dir='ltr'>ali-</span> 
     </span>
     <span class='ocr_line' id='line_1_28' title="bbox 358 1695 1384 1748; baseline -0.003 -13"><span class='ocrx_word' id='word_1_228' title='bbox 358 1699 450 1748; x_wconf 89' lang='lat' dir='ltr'>quod</span> <span class='ocrx_word' id='word_1_229' title='bbox 467 1700 571 1735; x_wconf 86' lang='lat' dir='ltr'>maius</span> <span class='ocrx_word' id='word_1_230' title='bbox 589 1698 715 1734; x_wconf 91' lang='lat' dir='ltr'>bonum</span> <span class='ocrx_word' id='word_1_231' title='bbox 732 1699 809 1733; x_wconf 87' lang='lat' dir='ltr'>iuste</span> <span class='ocrx_word' id='word_1_232' title='bbox 826 1700 860 1732; x_wconf 76' lang='grc' dir='ltr'>δε</span> <span class='ocrx_word' id='word_1_233' title='bbox 877 1697 1012 1745; x_wconf 86' lang='lat' dir='ltr'>pacifice</span> <span class='ocrx_word' id='word_1_234' title='bbox 1031 1696 1137 1745; x_wconf 79' lang='lat' dir='ltr'>poffet</span> <span class='ocrx_word' id='word_1_235' title='bbox 1154 1695 1282 1742; x_wconf 90' lang='lat' dir='ltr'>habere,</span> <span class='ocrx_word' id='word_1_236' title='bbox 1300 1710 1384 1732; x_wconf 90' lang='lat' dir='ltr'>non-</span> 
     </span>
     <span class='ocr_line' id='line_1_29' title="bbox 358 1749 1385 1800; baseline -0.005 -11"><span class='ocrx_word' id='word_1_237' title='bbox 358 1768 399 1789; x_wconf 91' lang='lat' dir='ltr'>ne</span> <span class='ocrx_word' id='word_1_238' title='bbox 426 1754 530 1788; x_wconf 82' lang='lat' dir='ltr'>fatuus</span> <span class='ocrx_word' id='word_1_239' title='bbox 554 1752 642 1795; x_wconf 85' lang='lat' dir='ltr'>effet,</span> <span class='ocrx_word' id='word_1_240' title='bbox 672 1752 692 1787; x_wconf 85' lang='lat' dir='ltr'>fi</span> <span class='ocrx_word' id='word_1_241' title='bbox 718 1753 823 1800; x_wconf 86' lang='lat' dir='ltr'>ipsum</span> <span class='ocrx_word' id='word_1_242' title='bbox 847 1764 908 1799; x_wconf 89' lang='lat' dir='ltr'>pro</span> <span class='ocrx_word' id='word_1_243' title='bbox 932 1751 1060 1798; x_wconf 88' lang='lat' dir='ltr'>penitus</span> <span class='ocrx_word' id='word_1_244' title='bbox 1087 1750 1189 1784; x_wconf 88' lang='lat' dir='ltr'>nihilo</span> <span class='ocrx_word' id='word_1_245' title='bbox 1216 1749 1316 1794; x_wconf 89' lang='lat' dir='ltr'>daret,</span> <span class='ocrx_word' id='word_1_246' title='bbox 1333 1750 1385 1785; x_wconf 91' lang='lat' dir='ltr'>vel</span> 
     </span>
     <span class='ocr_line' id='line_1_30' title="bbox 358 1802 1384 1854; baseline -0.004 -13"><span class='ocrx_word' id='word_1_247' title='bbox 358 1807 463 1854; x_wconf 89' lang='lat' dir='ltr'>ipsum</span> <span class='ocrx_word' id='word_1_248' title='bbox 477 1805 647 1841; x_wconf 81' lang='lat' dir='ltr'>amittendi</span> <span class='ocrx_word' id='word_1_249' title='bbox 665 1806 719 1853; x_wconf 91' lang='lat' dir='ltr'>spe</span> <span class='ocrx_word' id='word_1_250' title='bbox 732 1806 765 1840; x_wconf 89' lang='lat' dir='ltr'>in</span> <span class='ocrx_word' id='word_1_251' title='bbox 779 1804 935 1852; x_wconf 87' lang='lat' dir='ltr'>ambiguo</span> <span class='ocrx_word' id='word_1_252' title='bbox 955 1805 1121 1839; x_wconf 88' lang='lat' dir='ltr'>retineret?</span> <span class='ocrx_word' id='word_1_253' title='bbox 1139 1803 1313 1838; x_wconf 89' lang='lat' dir='ltr'>Talentum</span> <span class='ocrx_word' id='word_1_254' title='bbox 1327 1802 1384 1838; x_wconf 87' lang='lat' dir='ltr'>tibi</span> 
     </span>
     <span class='ocr_line' id='line_1_31' title="bbox 360 1856 1384 1904; baseline -0.005 -9"><span class='ocrx_word' id='word_1_255' title='bbox 360 1859 569 1895; x_wconf 75' lang='lat' dir='ltr'>commissum</span> <span class='ocrx_word' id='word_1_256' title='bbox 594 1858 703 1903; x_wconf 90' lang='lat' dir='ltr'>habes,</span> <span class='ocrx_word' id='word_1_257' title='bbox 732 1859 852 1893; x_wconf 89' lang='lat' dir='ltr'>scilicet</span> <span class='ocrx_word' id='word_1_258' title='bbox 878 1859 980 1894; x_wconf 90' lang='lat' dir='ltr'>vitam</span> <span class='ocrx_word' id='word_1_259' title='bbox 1002 1856 1230 1904; x_wconf 89' lang='lat' dir='ltr'>temporalem,</span> <span class='ocrx_word' id='word_1_260' title='bbox 1253 1870 1318 1903; x_wconf 92' lang='lat' dir='ltr'>qua</span> <span class='ocrx_word' id='word_1_261' title='bbox 1343 1856 1384 1891; x_wconf 91' lang='lat' dir='ltr'>de</span> 
     </span>
     <span class='ocr_line' id='line_1_32' title="bbox 360 1909 1385 1959; baseline -0.003 -11"><span class='ocrx_word' id='word_1_262' title='bbox 360 1912 541 1948; x_wconf 88' lang='lat' dir='ltr'>neceffitate</span> <span class='ocrx_word' id='word_1_263' title='bbox 558 1912 691 1958; x_wconf 86' lang='lat' dir='ltr'>carebis,</span> <span class='ocrx_word' id='word_1_264' title='bbox 714 1913 873 1959; x_wconf 86' lang='lat' dir='ltr'>quoniam</span> <span class='ocrx_word' id='word_1_265' title='bbox 892 1912 975 1946; x_wconf 89' lang='lat' dir='ltr'>mori</span> <span class='ocrx_word' id='word_1_266' title='bbox 999 1911 1043 1946; x_wconf 88' lang='lat' dir='ltr'>est</span> <span class='ocrx_word' id='word_1_267' title='bbox 1057 1909 1114 1945; x_wconf 90' lang='lat' dir='ltr'>tibi</span> <span class='ocrx_word' id='word_1_268' title='bbox 1130 1909 1324 1945; x_wconf 86' lang='lat' dir='ltr'>inevitabile.</span> <span class='ocrx_word' id='word_1_269' title='bbox 1343 1909 1385 1945; x_wconf 83' lang='lat' dir='ltr'>Ex</span> 
     </span>
     <span class='ocr_line' id='line_1_33' title="bbox 362 1963 1385 2014; baseline -0.004 -13"><span class='ocrx_word' id='word_1_270' title='bbox 362 1979 428 2014; x_wconf 93' lang='lat' dir='ltr'>quo</span> <span class='ocrx_word' id='word_1_271' title='bbox 451 1979 531 2014; x_wconf 85' lang='lat' dir='ltr'>ergo</span> <span class='ocrx_word' id='word_1_272' title='bbox 555 1966 685 2013; x_wconf 88' lang='lat' dir='ltr'>potestis</span> <span class='ocrx_word' id='word_1_273' title='bbox 705 1979 767 2014; x_wconf 91' lang='lat' dir='ltr'>pro</span> <span class='ocrx_word' id='word_1_274' title='bbox 793 1979 831 2000; x_wconf 90' lang='lat' dir='ltr'>ea</span> <span class='ocrx_word' id='word_1_275' title='bbox 856 1963 973 1999; x_wconf 90' lang='lat' dir='ltr'>habere</span> <span class='ocrx_word' id='word_1_276' title='bbox 999 1963 1156 2013; x_wconf 90' lang='lat' dir='ltr'>gaudium</span> <span class='ocrx_word' id='word_1_277' title='bbox 1182 1975 1329 1998; x_wconf 89' lang='lat' dir='ltr'>eternum</span> <span class='ocrx_word' id='word_1_278' title='bbox 1350 1965 1385 1998; x_wconf 93' lang='lat'>&amp;</span> 
     </span>
     <span class='ocr_line' id='line_1_34' title="bbox 361 2015 1384 2067; baseline -0.003 -12"><span class='ocrx_word' id='word_1_279' title='bbox 361 2022 485 2064; x_wconf 85' lang='lat' dir='ltr'>Deum,</span> <span class='ocrx_word' id='word_1_280' title='bbox 521 2033 587 2067; x_wconf 92' lang='lat' dir='ltr'>quo</span> <span class='ocrx_word' id='word_1_281' title='bbox 621 2019 700 2054; x_wconf 84' lang='lat' dir='ltr'>nihil</span> <span class='ocrx_word' id='word_1_282' title='bbox 727 2020 770 2054; x_wconf 90' lang='lat' dir='ltr'>est</span> <span class='ocrx_word' id='word_1_283' title='bbox 803 2018 932 2062; x_wconf 89' lang='lat' dir='ltr'>melius,</span> <span class='ocrx_word' id='word_1_284' title='bbox 972 2018 1076 2052; x_wconf 89' lang='lat' dir='ltr'>fatuus</span> <span class='ocrx_word' id='word_1_285' title='bbox 1106 2031 1158 2061; x_wconf 85' lang='lat' dir='ltr'>es,</span> <span class='ocrx_word' id='word_1_286' title='bbox 1191 2015 1212 2050; x_wconf 87' lang='lat' dir='ltr'>fi</span> <span class='ocrx_word' id='word_1_287' title='bbox 1245 2017 1384 2064; x_wconf 83' lang='lat' dir='ltr'>respuas,</span> 
     </span>
     <span class='ocr_line' id='line_1_35' title="bbox 362 2070 1578 2121; baseline 0 -13"><span class='ocrx_word' id='word_1_288' title='bbox 362 2074 508 2109; x_wconf 86' lang='lat' dir='ltr'>moriaris</span> <span class='ocrx_word' id='word_1_289' title='bbox 525 2086 604 2121; x_wconf 89' lang='lat' dir='ltr'>ergo</span> <span class='ocrx_word' id='word_1_290' title='bbox 623 2074 655 2107; x_wconf 91' lang='lat' dir='ltr'>in</span> <span class='ocrx_word' id='word_1_291' title='bbox 674 2085 769 2108; x_wconf 88' lang='lat' dir='ltr'>cruce</span> <span class='ocrx_word' id='word_1_292' title='bbox 794 2085 854 2120; x_wconf 92' lang='lat' dir='ltr'>pro</span> <span class='ocrx_word' id='word_1_293' title='bbox 877 2071 1018 2116; x_wconf 86' lang='lat' dir='ltr'>Christo,</span> <span class='ocrx_word' id='word_1_294' title='bbox 1047 2073 1082 2106; x_wconf 90' lang='lat'>&amp;</span> <span class='ocrx_word' id='word_1_295' title='bbox 1101 2071 1207 2118; x_wconf 84' lang='lat' dir='ltr'>ipsum</span> <span class='ocrx_word' id='word_1_296' title='bbox 1235 2070 1487 2114; x_wconf 67' lang='lat' dir='ltr'>habebislAfi⁶3</span> <span class='ocrx_word' id='word_1_297' title='bbox 1496 2090 1578 2114; x_wconf 75' lang='lat' dir='ltr'>a,e.2.</span> 
     </span>
     <span class='ocr_line' id='line_1_36' title="bbox 363 2124 1384 2178; baseline -0.002 -15"><span class='ocrx_word' id='word_1_298' title='bbox 363 2128 463 2178; x_wconf 88' lang='lat' dir='ltr'>Surge</span> <span class='ocrx_word' id='word_1_299' title='bbox 482 2139 573 2178; x_wconf 88' lang='lat' dir='ltr'>ergo,</span> <span class='ocrx_word' id='word_1_300' title='bbox 583 2129 671 2177; x_wconf 82' lang='lat' dir='ltr'>sume</span> <span class='ocrx_word' id='word_1_301' title='bbox 688 2140 800 2161; x_wconf 83' lang='lat' dir='ltr'>crucem</span> <span class='ocrx_word' id='word_1_302' title='bbox 826 2139 931 2170; x_wconf 83' lang='lat' dir='ltr'>meam,</span> <span class='ocrx_word' id='word_1_303' title='bbox 951 2126 1014 2161; x_wconf 64' lang='lat' dir='ltr'>&amp;o</span> <span class='ocrx_word' id='word_1_304' title='bbox 1037 2124 1179 2170; x_wconf 87' lang='lat' dir='ltr'>(Matth.,</span> <span class='ocrx_word' id='word_1_305' title='bbox 1207 2134 1283 2168; x_wconf 85' lang='lat' dir='ltr'>XVI,</span> <span class='ocrx_word' id='word_1_306' title='bbox 1314 2130 1384 2173; x_wconf 85' lang='lat'><strong>24).</strong></span> 
     </span>
    </p>
   </div>
  </div>
 </body>
</html>
