1624 2788
507 212 546 238 IN
564 211 763 238 OBSIDIONE
781 211 978 237 DAMIATE.
1192 210 1230 250 15
1233 214 1256 251 9

233 322 324 369 quod
338 335 398 370 pro
411 323 512 358 nimia
523 322 771 370 perturbacione
785 334 884 357 nemo
899 334 956 356 eos
969 333 1097 368 poterat
1109 322 1256 365 retinere,
1270 337 1328 360 1219

232 376 319 410 unde
336 378 370 411 &
387 376 494 418 multi,
513 374 778 423 persequentibus
795 388 852 410 eos
870 374 1015 422 Paganis,
1036 376 1123 409 nunc
1143 374 1255 422 gladio

231 429 341 476 aliqui,
355 442 442 464 nunc
451 428 497 463 fici
513 428 660 464 defecere
672 429 831 464 nonnulli.
851 428 1011 475 Principes
1023 440 1132 462 autem
1147 428 1256 473 nostri,

231 482 306 517 talia
318 482 474 527 videntes,
489 483 664 517 timuerunt
677 481 719 516 de
731 481 869 530 popule,
886 495 926 515 ne
939 481 1079 515 omnino
1093 481 1255 526 deficeret,

230 535 346 570 milites
378 536 449 570 suos
481 534 645 579 iufferunt,
679 534 832 569 invadere
861 535 1062 569 Sarracenos.
1093 535 1256 569 Dominus

230 601 364 635 quoque
377 588 512 636 legatus,
522 587 603 623 dans
623 586 775 622 omnibus
794 586 1070 630 benedizffionem,
1087 586 1182 623 dixit:
1198 591 1253 632 Ite,

230 644 293 676 ‘Dei
309 644 371 686 fiat
387 643 546 676 voluntas!
572 641 606 675 Et
627 640 683 688 ipfi
706 641 858 675 irruentes
876 640 909 674 in
929 652 996 684 e05‚
1018 640 1138 674 multos
1158 641 1254 677 intet-

229 694 382 738 fecerunt,
401 693 442 728 de
461 694 572 728 nostris
591 706 724 740 quoque
742 694 836 729 multi
851 694 972 728 mortui
986 694 1066 728 sunt.
1088 693 1132 729 lbi
1149 695 1254 729 nullus

227 747 320 791 iners,
347 747 451 782 nullus
470 748 598 795 ignarus
623 747 690 782 fiiit.
718 748 818 782 Multe
845 747 964 781 milicie
986 747 1069 782 facte
1088 747 1161 782 sunt
1177 748 1254 783 hinc

226 801 303 836 inde
319 813 358 835 ex
383 813 518 847 utraque
542 813 643 848 parte,
668 800 772 836 sedin
791 801 893 835 multa
912 799 1057 848 dampna
1083 801 1159 848 paffi
1181 802 1254 836 sunt

226 853 332 888 nostri.
362 855 394 888 ln
411 853 465 888 illa
483 854 536 888 die
556 853 649 888 multi
667 853 826 901 templarij
843 855 877 888 &
895 853 1092 900 hospitalarii
1109 856 1143 889 &
1160 855 1253 890 multi

225 906 340 941 milites
366 906 461 941 occifi
485 907 558 942 sunt
574 908 608 941 &
625 906 784 954 capitibus
802 907 950 941 truncati.
977 907 1084 941 Nostri
1106 920 1251 955 quoque,

226 971 282 1006 per
306 958 428 994 flumen
454 960 654 1008 navigantes,
684 960 814 1008 galeam
838 972 938 994 unam
960 960 1145 1004 amiserunt,
1176 961 1251 998 celis

223 1011 283 1055 his,
308 1013 364 1059 qui
387 1013 420 1047 in
445 1026 483 1047 ea
508 1024 608 1047 erant.
638 1013 740 1047 Multa
766 1011 947 1060 opprobria
965 1014 999 1047 &
1024 1013 1155 1048 vulnera
1174 1015 1250 1061 passi

223 1065 295 1100 sunt
309 1065 425 1100 milites
442 1066 541 1100 nostri
558 1067 590 1101 in
603 1066 657 1101 illa
671 1066 732 1101 die.
753 1067 825 1101 l-lac
840 1065 891 1100 die
910 1065 973 1100 fine
987 1079 1125 1101 numero
1142 1068 1249 1103 Chris-

81 1124 120 1148 fol-
135 1126 175 1148 ¹81
189 1134 208 1149 a·
223 1119 302 1153 tiani
318 1118 389 1154 sunt
403 1118 509 1163 occifi,
529 1132 612 1166 quos
626 1121 715 1155 Deus
731 1132 809 1155 curn
823 1120 922 1155 Beato
938 1118 1080 1155 {ohanne
1096 1122 1129 1156 in
1144 1122 1249 1158 celesti

222 1171 326 1219 gloria
343 1172 444 1207 voluit
460 1172 631 1207 collocare.

268 1225 436 1261 XLl-XLH.
462 1225 566 1260 Modo
593 1225 711 1270 audite,
737 1226 873 1273 qualiter
890 1226 1034 1261 Christus
1052 1227 1168 1262 milites
1186 1227 1248 1263 five

220 1278 408 1325 peregrinos
426 1277 498 1312 suos
520 1279 651 1325 recepit.
682 1279 774 1314 Unus
793 1279 876 1313 forre
893 1280 1093 1315 Teutonicus
1111 1281 1246 1328 quidam

219 1330 301 1365 inter
313 1343 461 1366 mortuos
474 1330 624 1366 remanfit
636 1332 738 1376 vivus,
757 1333 813 1380 qui
826 1333 859 1367 in
873 1335 982 1376 necle,
1002 1336 1110 1369 erec‘lo
1129 1336 1246 1383 capite,

219 1384 372 1418 excitatus
393 1397 413 1418 a
436 1384 591 1432 sompn0‚
618 1384 699 1420 vidit
715 1398 822 1421 totum
848 1399 1004 1433 campum
1029 1387 1245 1424 illuminatum

218 1437 252 1470 ὅ(
277 1435 358 1472 vidit
380 1438 415 1471 &
438 1436 561 1472 audivit
578 1438 754 1472 maximam
781 1438 1023 1474 multitudinem
1052 1441 1245 1488 angelorum

218 1501 384 1524 cantantes
399 1490 492 1537 super
505 1502 652 1525 mortuos
664 1492 698 1526 δε
713 1490 874 1527 dicentes:
891 1494 950 1534 Hij
959 1494 1043 1538 sunt,
1061 1497 1112 1539 qui
1124 1499 1246 1531 veniunt

217 1557 252 1576 ex
278 1555 388 1588 magna
414 1544 606 1578 tribulacione
631 1544 661 1578 δ’
688 1545 932 1590 Iaverumstolas
946 1548 1024 1592 suas
1041 1547 1071 1580 Θ
1088 1548 1244 1583 dealbave-

217 1608 285 1630 runt
309 1609 360 1630 eas
386 1599 416 1630 in
433 1598 585 1642 sanguine
609 1600 682 1643 agni
707 1598 875 1645 (Apocal.‚
896 1609 960 1643 VH,
985 1605 1052 1647 13),
1084 1614 1170 1646 quum
1184 1616 1243 1648 pro

218 1651 352 1683 ‘Domino
370 1651 556 1683 martirihati
563 1651 656 1696 sunt!
676 1652 707 1685 ln
726 1650 781 1685 illa
794 1650 846 1686 die
863 1653 950 1698 capti
964 1652 1092 1688 fuerunt
1105 1652 1244 1690 barones

216 1701 333 1736 nostri:
351 1703 544 1737 camerarius
562 1703 644 1751 regis
662 1704 790 1739 francie
806 1705 840 1739 ἃ
857 1704 1054 1740 Beluacenfis
1071 1707 1243 1755 episcopus

217 1766 292 1788 cum
308 1754 402 1788 fratre
416 1755 485 1798 su0,
505 1754 648 1790 {ohanne
662 1755 703 1791 de
716 1757 859 1802 Arscico,
880 1758 982 1793 milite
995 1758 1114 1806 probo,
1131 1772 1243 1795 comes

217 1805 259 1841 de
276 1807 436 1851 Belmom,
458 1807 604 1843 Andreas
621 1807 662 1843 de
680 1810 777 1852 Perse,
804 1811 974 1846 Anselmus
996 1811 1037 1846 de
1052 1812 1150 1858 Leon,
1171 1826 1243 1861 pre-

217 1859 337 1906 positus
358 1861 465 1895 Sanffl
485 1861 645 1906 Homerij,
663 1863 698 1897 δε
715 1863 807 1898 multi
823 1864 886 1908 alij,
906 1865 1065 1912 templarii
1083 1867 1117 1901 &
1134 1866 1243 1914 hospi-

217 1912 329 1957 talarii,
349 1913 404 1959 qui
422 1911 510 1947 dufii
530 1913 658 1949 fuerunt
674 1915 707 1950 in
727 1917 957 1963 captivitatem.
976 1917 1038 1953 Sed
1056 1931 1109 1953 rex
1128 1918 1242 1954 Iohan-

217 1977 273 2000 nes
290 1977 365 2000 cum
379 1965 504 2013 templo
518 1968 552 2001 &
565 1966 715 2015 hospitali
726 1970 761 2004 &
773 1969 881 2005 multis
897 1970 964 2005 aliis
982 1983 1069 2006 extra
1087 1971 1242 2006 fofl’atum

216 2029 418 2053 remanentes
439 2019 560 2054 multos
578 2019 782 2065 occiderunt,
807 2022 975 2069 nullusque
992 2024 1240 2059 Sarracenorum

216 2069 308 2104 ausus
327 2070 385 2106 fuit
402 2071 444 2106 ad
466 2084 527 2106 nos
545 2072 671 2108 intrare.
699 2074 816 2122 Pagani
833 2075 940 2123 igitur,
965 2076 1067 2111 multa
1085 2076 1187 2125 spolia
1201 2089 1240 2112 ac
