1624 2788
386 254 423 294 15
427 255 452 294 4
631 253 742 279 LIBER
761 252 913 278 DUELLII
931 250 1155 277 CHRISTIANI

306 380 364 403 1219
378 364 437 400 bus
450 365 615 400 Sar'raceni
627 377 742 412 pugna
754 363 913 408 conserta,
932 363 1092 412 fugerunt,
1110 362 1280 410 pluresque
1294 375 1408 398 eorum

377 420 410 454 in
425 431 546 466 campo
561 417 713 452 cadentes
727 416 822 452 occisi
836 418 918 461 sunt,
933 416 987 451 sed
998 418 1031 451 ὅ(
1045 416 1170 461 caliqu,
1182 428 1297 451 eorum
1310 429 1408 465 papa,

378 487 397 508 a
411 472 559 520 quodam
572 472 682 506 nostro
709 471 811 506 milite
829 469 1003 518 percussus,
1020 469 1147 514 cecidit,
1166 469 1222 505 sed
1239 471 1409 507 semivivus

378 526 484 570 evasit,
513 539 595 561 unus
622 538 732 561 autem
754 524 796 560 de
816 525 930 559 nostris
955 536 1100 559 mortuus
1123 523 1167 558 est
1184 523 1266 569 illic3
1291 523 1409 572 sicque,

378 593 490 628 pugna
522 580 637 622 soluta,
664 579 830 614 Sarraceni
853 591 930 613 cum
954 591 1081 612 merore
1107 577 1149 612 ad
1176 577 1230 612 sua
1248 576 1411 613 redierunt

379 633 491 675 castra,
511 633 609 667 nostri
627 645 738 667 autem
758 645 835 667 cum
852 631 976 680 gaudio
995 643 1178 666 remearunt
1195 631 1227 666 in
1247 631 1310 665 sua.

426 687 541 721 XXIX.
567 689 600 720 ln
619 685 732 721 diebus
749 685 808 720 illis
825 686 972 733 precepit
989 684 1144 720 dominus
1160 684 1287 732 legatus
1305 684 1410 718 omni-

377 739 436 775 bus
476 741 623 787 accipere
652 739 878 787 penitentiam,
910 751 1013 785 quum
1042 737 1175 773 volebat
1203 750 1350 785 pugnare
1377 737 1411 771 in

377 807 510 842 campo,
537 805 651 841 parato
670 806 773 837 curru,
794 793 827 827 in
846 805 914 839 quo
932 791 1085 828 vexillum
1101 792 1218 826 San<ste
1235 790 1351 826 Crucis
1368 789 1410 826 ad

379 845 628 881 defendendum
652 858 720 881 erat
737 844 1021 892 componendum.
1049 845 1145 893 {gitur
1164 845 1199 879 in
1218 844 1295 879 festo
1313 844 1411 878 Sanc-

263 910 362 938 iun.29.
379 913 488 935 torum
513 899 749 946 Apostolorum
776 899 906 933 Petri&
925 898 1011 933 Pauli
1036 897 1128 941 instit,
1155 910 1271 932 omnes
1298 896 1412 931 discal-

379 955 481 989 ciatos
499 953 542 989 ad
567 967 678 989 veram
696 953 834 987 Domini
857 964 989 986 crucem
1007 952 1128 995 venire,
1153 952 1337 986 Dominum
1355 949 1412 985 de-

379 1020 561 1055 precantes,
588 1018 633 1052 ut,
658 1007 712 1053 qui
732 1007 764 1041 in
785 1019 823 1040 ea
841 1004 1009 1053 pependit,
1037 1003 1132 1039 nobis
1150 1017 1266 1040 verum
1282 1005 1317 1039 &
1335 1003 1412 1038 utile

379 1060 570 1109 dignaretur
594 1059 765 1095 consilium
787 1072 911 1106 parare.
941 1058 1143 1093 Previdentes
1166 1070 1275 1093 autem
1294 1057 1412 1106 princi-

378 1128 436 1162 pes
454 1114 563 1157 nostri,
598 1113 690 1161 quod
717 1126 785 1148 non
807 1111 884 1148 esset
910 1125 1026 1157 tutum,
1054 1124 1202 1160 pugnare
1226 1112 1260 1145 in
1279 1123 1412 1159 campo,

380 1181 483 1215 quum
501 1167 687 1215 oportebat,
706 1180 768 1202 nos
781 1165 872 1201 fimul
884 1179 1032 1214 pugnare
1045 1178 1122 1200 cum
1140 1165 1269 1200 civitate
1288 1166 1322 1199 ὃς
1339 1164 1413 1199 nos-

381 1235 428 1257 tra
446 1222 569 1257 servare
584 1220 714 1266 foss'ata,
732 1223 766 1256 &
779 1233 840 1268 pro
859 1233 926 1254 uno
940 1219 1126 1255 Christiano
1143 1219 1316 1266 plusquam
1334 1230 1413 1266 qua·

380 1275 530 1323 draginta
553 1286 644 1310 erant
662 1275 792 1323 Pagani,
818 1273 962 1320 ideoque
987 1273 1175 1320 respuerunt
1195 1272 1415 1308 neceffimtem

380 1341 500 1376 pugne.

382 1440 432 1471 ‘De
448 1438 552 1483 prima
575 1438 711 1470 civitatis
736 1437 961 1481 impugnatione
979 1434 1010 1468 6³
1027 1436 1150 1478 hostium
1177 1445 1286 1480 magna
1295 1435 1412 1479 strage.

291 1550 332 1572 1¹21·
346 1550 365 1572 8-
433 1542 534 1578 XXX.
558 1544 679 1576 Interea
694 1542 814 1576 octavo
829 1539 901 1574 idus
920 1539 985 1584 lulij
1003 1538 1207 1574 adduxerunt
1224 1538 1322 1574 nostri
1339 1549 1415 1571 coc-

386 1610 438 1631 cas
457 1609 533 1630 cum
550 1595 652 1639 scalis,
670 1596 704 1629 &
723 1593 825 1642 posite
847 1594 919 1628 sunt
937 1594 1027 1641 super
1043 1592 1166 1627 flumen
1183 1605 1289 1640 prope
1307 1590 1416 1625 menia

384 1650 530 1693 civitatis,
550 1650 585 1683 &
603 1661 661 1696 per
678 1660 782 1682 totam
801 1646 890 1682 diem
912 1657 1151 1695 pugnaverunt.
1170 1645 1289 1694 Pagani
1305 1655 1416 1679 autem

383 1703 591 1752 proiecerunt
617 1703 730 1749 ignem
753 1701 847 1748 super
871 1700 969 1735 scalas
994 1700 1112 1747 easque
1130 1697 1226 1735 valde
1253 1710 1415 1733 cremave-

384 1769 466 1791 runt.
486 1755 591 1803 Qod
604 1754 751 1790 videntes
765 1753 948 1797 Christiani,
964 1752 1129 1800 plorantes
1142 1753 1178 1786 &
1190 1763 1308 1786 terram
1322 1750 1414 1785 oscu-

383 1810 485 1844 lantes
505 1821 696 1855 nomenque
716 1807 853 1842 Domini
870 1807 1072 1850 invocantes,
1092 1804 1262 1840 dicebant:
1285 1806 1416 1839 Domine

383 1865 467 1909 Iliesu
499 1863 628 1907 Christe,
665 1863 716 1906 qui
744 1861 877 1905 liberasti
902 1872 962 1894 tres
979 1871 1091 1905 pueros
1122 1860 1158 1892 de
1188 1860 1305 1892 camino
1332 1858 1533 1903 ignisfi179b.

384 1916 414 1950 ἃ
432 1929 483 1950 eos
501 1919 566 1962 fine
594 1915 729 1948 incendio
748 1914 888 1959 servasti,
918 1913 1011 1946 libera
1029 1912 1171 1957 famulos
1196 1912 1277 1945 ‘Tuos
1304 1912 1340 1944 ab
1361 1912 1416 1955 ffla

379 1971 602 2015 persecucione,
632 1981 667 2001 ne
699 1968 822 2013 Pagani
839 1966 951 2012 poffint
976 1966 1110 1999 exultare
1133 1965 1171 1998 de
1194 1967 1290 2010 nqstra
1311 1964 1416 2009 perdi—

384 2025 488 2057 cione!

433 2074 551 2109 XXXI.
581 2073 728 2108 Monstro
747 2083 856 2107 autem
878 2071 966 2106 fasto
985 2071 1017 2105 in
1035 2070 1175 2114 civitate,
1193 2069 1329 2117 septima
1345 2068 1417 2104 vice

385 2128 474 2163 venit
492 2126 643 2161 soldanus
662 2138 739 2160 cum
756 2138 856 2159 manu
875 2123 1004 2159 robusta
1021 2125 1055 2158 δε
1069 2121 1201 2159 volebat
1218 2123 1336 2157 intrare
1354 2121 1417 2156 fos-
