1624 2788
29 560 182 590 Afi60b‚c.
196 569 215 585 ι.

60 692 82 708 X

28 1792 210 1822 Afioemem

15 1894 34 1918 B
45 1894 62 1918 f.
73 1899 147 1924 ²¹4³,
157 1903 176 1918 e.
190 1901 209 1918 1.

455 230 505 255 DE
530 228 815 256 PREDICACIONE
840 229 865 254 S.
894 228 1034 254 CRUCIS.
1215 227 1252 267 13

230 339 263 374 in
277 351 374 374 cruce
390 352 451 387 pro
468 352 520 384 eo,
547 339 638 387 quod
656 339 716 374 fuit
732 340 767 374 in
784 351 878 382 terra,
901 338 1020 374 scilicet
1040 350 1101 386 pro
1121 337 1255 374 homine

229 405 412 441 peccatore.
439 393 544 428 Petrus
571 406 681 428 autem
702 394 735 428 in
753 405 847 428 cruce
877 392 996 427 sursum
1023 391 1137 427 direxit
1153 392 1256 427 visum

230 445 273 480 ad
292 445 552 495 lignificandum,
580 445 671 494 quod
695 446 763 494 ipse
786 446 844 480 fuit
866 446 900 480 in
922 457 1016 480 cruce
1038 458 1099 494 pro
1122 457 1174 490 e0,
1200 447 1255 492 qui

230 498 290 534 fuit
307 499 429 534 sursum
445 500 478 534 in
495 499 579 544 celo,
596 499 716 534 scilicet
728 512 789 547 pro
807 499 949 534 Christo.
973 541 980 550 Ι

281 554 371 587 Item:
398 553 561 587 Dominus
582 553 616 587 in
642 565 737 587 cruce
758 553 927 588 inclinavit
947 552 979 587 se
1000 552 1043 587 ad
1064 553 1255 599 aquilonem

229 604 272 640 ad
289 604 548 654 significandum,
566 605 658 653 quod
675 606 742 653 ipse
759 606 819 640 fuit
835 607 868 640 in
882 618 976 640 cruce
994 618 1055 653 pro
1069 619 1253 653 peccatore,

230 659 284 706 qui
302 657 495 707 significatur
508 672 566 707 per
578 659 779 706 aquilonem,
798 660 884 706 quia,
902 657 980 693 ficut
993 659 1104 706 aquilo
1119 659 1254 707 frigidus

228 712 282 756 est,
304 710 347 746 fic
364 723 517 759 peccator
539 711 672 758 frigidus
694 712 738 746 est
754 712 787 747 in
809 724 921 747 amore
940 713 1014 756 Dei,
1040 712 1126 748 unde
1142 713 1254 749 Ysa‘ias

228 766 269 810 (1,
296 766 364 812 14),
386 780 403 796 a
420 768 473 800 cAb
492 766 631 811 aquilone
644 767 789 811 panditur
807 779 891 800 omne
908 767 1028 801 malum.
1047 781 1065 797 n

277 819 369 853 ltem:
387 819 487 853 Maria
509 830 612 853 mater
629 819 766 853 Domini
783 817 885 853 stabat
905 818 948 853 ad
965 831 1095 854 crucem
1112 833 1151 854 ex
1164 832 1255 868 parte

227 871 390 918 aquilonis
426 872 509 906 inter
541 871 731 918 aquilonem
757 873 791 906 ὃ(
817 871 982 906 Christum
1007 873 1192 908 existentem
1220 874 1254 908 in

227 937 322 958 cruce
349 923 391 958 ad
414 923 673 972 significandum,
706 923 799 972 quod
819 925 887 972 ipsa
909 925 952 960 est
979 925 1149 961 mediatrix
1172 927 1255 962 inter

227 989 417 1025 peccatores
430 980 464 1012 &
477 977 659 1022 Christum,
678 979 791 1026 recipit
804 979 892 1012 enim
906 978 1065 1026 fugientes
1078 978 1120 1014 ad
1134 980 1165 1014 se
1179 993 1254 1016 cum

227 1031 433 1066 contricione
451 1032 484 1066 δ(
503 1030 700 1075 devocione,
718 1032 752 1065 ὃ(
770 1044 831 1079 pro
851 1032 894 1066 eis
911 1031 1080 1066 intercedit
1098 1045 1255 1081 tanquam

226 1096 330 1118 mater
353 1083 396 1118 ad
418 1083 530 1119 filium.
561 1085 674 1132 Qem
696 1085 784 1118 enim
805 1083 947 1119 mundus
971 1086 1100 1133 respuit,
1126 1087 1171 1131 &,
1197 1088 1253 1134 qui

225 1137 294 1173 vilis
313 1137 357 1172 est
369 1137 508 1182 mundo,
526 1150 561 1172 ut
574 1138 645 1172 sunt
662 1138 836 1173 inveterate
854 1139 1046 1184 meretrices,
1064 1140 1153 1174 Deus
1165 1139 1209 1175 ad
1222 1140 1253 1176 se

226 1191 412 1225 venientem
430 1191 552 1238 recipit.

275 1245 367 1278 Item:
390 1245 554 1278 Dominus
575 1245 609 1279 in
627 1257 723 1279 cruce
739 1243 890 1280 describit
913 1244 1008 1280 nobis
1026 1257 1130 1282 totam
1150 1249 1252 1284 vitam

224 1296 378 1340 nostram,
398 1308 432 1330 ut
445 1298 610 1332 imitemur
623 1311 710 1342 eum,
730 1299 806 1345 quia
819 1298 927 1332 omnis
941 1298 1059 1334 Christi
1072 1301 1164 1336 accio
1178 1303 1251 1336 nos-

225 1362 272 1385 tra
286 1349 331 1384 est
343 1349 524 1385 instruccio.
540 1350 637 1386 Unde
651 1351 853 1398 perYsaiam,
867 1361 959 1386 XLIX
972 1364 1056 1400 cap.,
1073 1368 1090 1384 α
1099 1356 1252 1404 ‘Descripfi

222 1416 251 1437 te
265 1406 295 1437 in
313 1405 448 1437 manibus
462 1407 534 1438 meis
556 1419 573 1435 υ
603 1405 684 1449 (leit,
701 1414 804 1450 XLIX,
828 1405 897 1452 16),
917 1405 951 1441 id
969 1406 1012 1441 est
1032 1408 1132 1442 vitam
1151 1420 1251 1453 tuam,

222 1458 256 1491 &
276 1456 310 1490 in
326 1455 445 1504 Evang.
470 1455 558 1501 dicit,
582 1473 600 1488 α
628 1460 687 1492 Ubi
695 1460 767 1504 sum
786 1472 853 1505 ego,
876 1475 894 1490 n
915 1461 978 1495 διε.
998 1462 1137 1506 (loann.‚
1159 1471 1250 1506 XVII,

225 1507 300 1556 24),
331 1510 406 1556 quia
430 1525 448 1540 α
467 1524 524 1544 non
548 1513 710 1557 estservus
733 1515 830 1546 maior
849 1514 971 1547 domino
984 1515 1044 1559 suo
1065 1530 1082 1544 υ
1106 1515 1249 1558 (loann.,

222 1571 306 1605 XIII,
339 1562 405 1608 16).
434 1562 510 1597 Non
529 1563 740 1599 exrendamus
758 1578 837 1614 ergo
860 1578 974 1600 manus
991 1566 1044 1601 vel
1060 1566 1171 1613 pedes,
1190 1581 1251 1603 nec

223 1626 291 1659 cor,
311 1628 372 1650 nec
394 1615 527 1662 aliquod
547 1616 732 1652 membrum
754 1617 796 1652 ad
813 1618 948 1665 aliquod
966 1618 1179 1666 prohibitum,
1196 1620 1250 1656 sed

223 1668 420 1703 refrenemus
434 1670 547 1704 omnia
560 1669 707 1705 membra
727 1671 833 1706 nostra
847 1670 887 1706 ab
900 1671 1016 1706 illicitis
1033 1685 1094 1720 pro
1108 1673 1248 1719 Christo,

222 1722 256 1756 &
275 1734 351 1756 tunc
371 1722 533 1769 sequimur
550 1723 724 1759 Christum.

273 1776 364 1810 Item:
394 1774 525 1810 Fiffuras
548 1775 716 1812 clavorum
742 1776 854 1812 habuit
878 1791 939 1825 pro
962 1778 1057 1814 nobis
1080 1781 1184 1826 Deus,
1215 1794 1250 1816 ut

223 1826 265 1862 fic
280 1827 413 1863 haberet
429 1841 623 1876 perpetuum
647 1831 838 1866 memoriale
855 1832 964 1876 nostri,
988 1832 1074 1867 unde
1097 1832 1175 1868 dicit
1191 1847 1250 1882 per

214 1881 363 1925 waiam,
377 1891 479 1926 XLIX,
501 1898 517 1913 rr
532 1885 708 1930 Qumquid
725 1885 863 1931 oblivisci
874 1889 971 1931 potest
984 1887 1092 1920 mulier
1110 1889 1248 1933 infamis,

222 1935 286 1969 &c.
302 1948 367 1969 ecce
379 1938 410 1969 in
424 1938 562 1970 manibus
575 1939 648 1971 meis
657 1938 796 1985 descripfi
809 1950 838 1971 te
853 1953 870 1968 n
886 1939 968 1983 (les,
982 1948 1083 1983 XLIX,
1105 1948 1142 1988 15
1154 1940 1247 1988 seq),

222 2000 337 2035 porte,
355 2003 372 2018 «
388 1989 473 2034 Qid
484 1992 522 2034 est
532 1992 629 2033 homo,
643 1992 723 2036 quod
735 2004 845 2025 memor
858 2004 899 2035 es,
912 2007 930 2022 n
943 1993 1005 2027 &c.
1020 1992 1158 2038 (psalm,
1168 2003 1247 2038 VIII,

220 2045 270 2088 4).
285 2040 362 2075 Non
376 2041 445 2076 vult
458 2042 554 2090 igitur
564 2043 738 2086 Dominus,
755 2042 846 2090 quod
859 2057 918 2079 vos
928 2046 1077 2092 pereatis,
1089 2059 1172 2093 quos
1181 2047 1248 2094 ipse

222 2106 282 2141 pro
299 2094 365 2129 vita
383 2094 437 2129 sua
459 2094 606 2140 redemit,
628 2095 682 2131 sed
706 2096 749 2131 est
766 2109 894 2132 memor
915 2098 1018 2141 vestri,
1046 2100 1102 2146 qui
1124 2100 1248 2136 tociens

220 2159 279 2195 per
296 2145 494 2195 baptismum
515 2147 666 2183 incidistis
684 2149 718 2184 in
735 2149 871 2197 laqueos
889 2149 1013 2187 diaboli
1033 2164 1091 2200 per
1114 2165 1248 2201 peccata
