1624 2788
364 253 406 302 56
490 262 617 290 GESTA
643 262 950 289 CRUCIGERORUM
976 261 1260 288 RHENANORUM.

272 389 330 414 ηις
359 387 514 411 ornatum
527 382 536 398 ¹
562 375 659 411 seculi
683 388 759 410 cum
776 375 865 410 varia
889 373 1077 422 supelled‘tili
1101 374 1136 409 in
1167 372 1386 421 superhabun-

359 427 485 465 dancia.

408 482 534 519 Civitas
551 482 612 518 hec
626 494 734 531 preter
745 482 927 518 naturalem
944 480 1038 518 situm
1050 482 1127 527 loci,
1146 494 1214 530 quo
1231 481 1385 526 munitur,

358 536 477 584 triplici
494 537 635 585 cingitur
651 549 757 581 muro,
775 534 912 571 turribus
930 535 1066 571 latericis
1083 535 1192 570 multis
1206 536 1240 570 &
1257 535 1386 582 magnis

358 590 526 626 fortissime
550 589 688 634 firmata,
716 589 814 625 clavis
831 591 865 624 &
883 589 1083 625 antemurale
1104 589 1203 624 totius
1221 588 1335 637 Egypti
1352 589 1387 622 &

357 644 439 678 inter
457 656 575 679 terram
588 644 696 678 Gesen
714 644 748 678 &
766 655 902 690 campos
914 642 1067 678 Thaneos
1085 642 1150 678 fita.
1168 643 1226 677 Ista
1242 642 1287 677 est
1304 654 1387 677 terra
1401 647 1499 678 V-‚f-13
1508 649 1595 678 ’ἤι’-1-

357 698 466 732 Gesen
483 697 641 745 pascualis
657 698 691 732 &
715 695 889 742 uberrima,
913 710 1014 744 quam
1029 697 1198 744 pecierunt
1214 695 1269 740 filij
1289 694 1386 730 Iacob

357 764 376 785 a
394 750 569 796 Pharaone,
595 764 673 799 rege
690 750 815 798 Egypti.
838 751 1002 794 Damiata‚
1020 750 1130 785 inclita
1147 751 1181 785 in
1203 750 1321 798 regnis,
1340 748 1386 783 fa-

356 805 449 839 mosa
466 804 606 839 multum
622 805 656 839 in
673 803 821 852 superbia
837 802 1023 849 Babylonis,
1041 804 1075 838 in
1091 804 1172 838 mari
1190 802 1388 838 dominatrix

357 858 614 902 christianorum,
643 858 808 906 spoliatrix
832 858 866 892 in
892 856 1019 892 accessu
1045 858 1288 905 persecutorum
1314 856 1386 891 suo-

356 926 438 957 rum,
462 925 520 960 per
542 925 663 960 paucas
685 913 719 946 &
740 910 889 946 modicas
911 911 1010 946 scalas
1035 910 1281 958 comprehensa,
1299 922 1387 945 nunc

356 966 524 1001 humiliata
548 966 593 1001 est
614 964 669 1000 sub
696 966 824 1013 potenti
842 978 941 1000 manu
960 966 1023 1000 Dei
1039 966 1084 1011 &‚
1102 964 1260 1009 adultero,
1287 977 1387 1012 quem

356 1019 412 1055 diu
437 1019 575 1065 tenuisti,
600 1018 734 1054 tandem
751 1020 913 1066 proied‘rQ
941 1019 1066 1054 reversa
1082 1018 1127 1054 est
1145 1017 1188 1053 ad
1205 1029 1387 1053 amatorem

355 1075 464 1109 Tuum
482 1073 626 1121 priorem
643 1074 688 1115 &,
709 1086 773 1119 que
790 1073 878 1120 prius
895 1071 1094 1120 parturiebas
1110 1072 1246 1120 spurios,
1268 1070 1387 1106 abhinc

355 1127 520 1176 legitimos
538 1127 642 1175 paries
659 1125 753 1161 filios.
781 1125 992 1162 Achonienfis
1011 1126 1183 1174 episcopus
1200 1126 1266 1160 iam
1283 1138 1322 1160 ex
1338 1124 1386 1159 Te

356 1182 540 1216 animarum
565 1180 729 1228 primicias
749 1180 823 1215 Deo
845 1179 940 1215 solvit
956 1180 991 1214 &
1008 1179 1160 1227 parvulos
1176 1179 1265 1214 Tuos
1281 1179 1387 1214 eciam

356 1236 455 1270 morti
485 1235 656 1282 proximos
689 1234 723 1268 &
755 1232 958 1281 baptismatis
994 1232 1083 1268 unda
1116 1233 1386 1268 sacramentaliter

356 1287 572 1324 emundando
587 1287 699 1323 vitales
719 1286 870 1322 reddidit.
889 1287 1109 1336 Multipliciter
1121 1288 1270 1322 Tuorum
1290 1286 1385 1321 scele-
1398 1295 1462 1326 13.‚p.
1474 1302 1528 1325 ῳ,
1539 1303 1558 1318 r„
1573 1302 1592 1319 ι.

355 1355 428 1377 rum
457 1354 558 1390 penas
583 1340 752 1384 exsolvisti,
782 1353 859 1375 cum
879 1339 999 1388 absque
1026 1341 1081 1386 eis,
1108 1341 1164 1388 qui
1189 1341 1222 1375 in
1245 1342 1295 1376 Te
1319 1340 1385 1376 vivi

355 1396 438 1440 sunt,
468 1393 691 1443 comprehensi
709 1407 770 1430 xxx
795 1394 1040 1429 interfeetorum
1065 1394 1153 1429 milia
1179 1393 1231 1430 vel
1247 1393 1386 1441 amplius

357 1461 600 1498 computantur,
620 1461 704 1496 quos
717 1447 779 1484 five
793 1448 878 1483 ferro
892 1448 945 1484 vel
956 1448 1034 1496 igne
1047 1447 1195 1495 percuffit
1210 1448 1384 1491 Dominus,

356 1503 527 1551 spurcicias
548 1503 582 1537 in
609 1503 657 1537 Te
678 1500 863 1536 commissas
886 1501 928 1536 de
948 1513 1057 1536 cetero
1081 1500 1276 1550 dedignatus
1301 1501 1387 1535 susti-

356 1570 442 1592 nere.
456 1555 611 1592 Gaudeat
624 1556 723 1604 igitur
736 1555 919 1591 universalis
933 1554 1064 1590 ecclesia
1077 1568 1138 1603 pro
1152 1554 1206 1590 tali
1218 1553 1386 1602 triumpho

356 1622 463 1658 grates
481 1610 622 1645 referens
639 1610 726 1654 Deo,
751 1609 807 1656 qui
824 1608 889 1644 vite
905 1609 939 1643 &
953 1609 1067 1643 mortis
1084 1607 1183 1643 habet
1201 1608 1385 1656 imperium,

357 1663 410 1697 cui
426 1663 470 1698 est
487 1663 606 1709 honor,
624 1663 724 1700 virtus
736 1663 772 1697 &
789 1663 944 1710 potencia
961 1674 1019 1709 per
1035 1660 1162 1697 infinita
1178 1661 1284 1696 secula
1297 1661 1392 1704 secu--

355 1715 482 1753 lorum!
508 1717 626 1752 Amen.

395 1811 404 1826 ι
422 1802 452 1827 V.
463 1807 647 1827 ornamentum.
