1624 2788
95 1414 282 1446 Afi59=‚c.2ae

523 231 573 256 DE
597 231 888 257 PREDICATIONE
914 232 939 257 S.
968 233 1108 259 CRUCIS.
1304 237 1327 272 9

300 339 432 376 ecclelia
440 353 616 376 exonerare
633 341 725 376 suum
743 342 901 390 pugilem,
915 343 970 390 qui
983 355 1045 390 pro
1065 343 1132 391 ipsa
1144 356 1283 392 pugnat,
1294 345 1329 379 ὅ(

299 394 450 429 sustinere
466 394 598 442 pondus
611 393 717 442 ipfius,
732 396 766 430 ὅ(
783 395 860 430 ideo
878 408 974 431 cruce
986 395 1115 444 signatis
1128 397 1205 431 iuste
1218 398 1327 432 remit-

300 448 337 483 tit
353 448 517 483 Dominus
532 461 620 496 papa
638 461 758 495 penam
776 461 988 496 peccatorum
1005 452 1040 485 δε
1057 449 1182 499 obligat
1203 451 1328 486 univer-

299 500 398 536 salem
416 501 582 538 ecclesiam
599 516 660 550 pro
684 502 767 550 ipfis,
791 504 845 550 qui
864 502 1014 538 mundari
1031 503 1166 551 poffunt
1181 517 1240 552 per
1254 517 1329 552 pro-

298 555 403 602 priam
426 568 541 590 eomm
558 557 810 601 contricionem,
832 556 1063 602 devocionem,
1082 557 1328 605 confeffionem‚

297 606 455 654 laborem,
480 623 540 657 per
569 611 735 645 orationes
765 611 799 645 &
826 610 1057 656 eleemosynas,
1089 624 1152 658 que
1180 611 1263 646 fiunt
1286 611 1328 646 ab

299 662 448 698 univerfis
461 663 648 698 Christianis
665 677 727 712 pro
745 664 923 712 peregrinis
940 665 1039 699 Terre
1055 665 1179 701 Samste.

349 718 444 752 Item:
470 718 501 752 Si
521 717 636 765 aliquis
658 716 737 752 effer
758 730 910 752 oneratus
935 717 1079 765 pluribus
1102 718 1273 766 lapidibus,
1294 721 1328 754 ὅ(

298 769 433 816 quidam
454 771 615 818 acciperet
632 769 673 806 ab
693 783 734 805 eo
748 784 850 805 unum
867 770 1013 818 lapidem
1033 772 1067 805 ὅ(
1084 771 1163 806 alius
1180 773 1280 807 alium
1293 775 1327 808 &

298 823 412 857 tercius
437 824 574 859 tercium
595 825 630 859 δε
652 822 693 858 sic
720 823 885 872 deinceps,
914 824 981 872 ipse
1007 825 1148 859 totaliter
1172 839 1327 861 exonera-

298 888 394 921 retur,
417 875 558 912 similiter
581 890 675 912 cruce
693 876 833 925 signatus
851 877 1047 912 deoneratur
1066 891 1085 912 a
1105 891 1191 925 pena
1209 892 1327 927 pecca-

298 940 405 964 torum
430 943 489 978 per
506 932 690 966 Dominum
708 943 829 978 papam
851 932 885 965 ὅ(
909 931 1121 966 universalem
1138 932 1326 979 ecclefiam3

300 998 318 1014 ι(
337 997 533 1030 quemcunque
551 989 628 1020 enim
637 986 771 1032 solverit
778 987 874 1033 super
890 998 1012 1028 terram,
1032 989 1092 1020 erit
1104 987 1228 1032 solutus
1246 988 1277 1021 δ’
1295 990 1326 1022 in

296 1037 391 1071 celum
410 1052 429 1068 υ
449 1037 520 1081 (Cf.
539 1038 665 1081 Matth.,
684 1048 760 1082 XVI,
787 1043 853 1086 19).
876 1038 1081 1082 Notandum,
1100 1039 1192 1086 quod
1211 1039 1327 1075 dicitur

296 1089 391 1137 super
404 1103 534 1136 terram,
547 1104 617 1126 non
627 1090 745 1126 dicitur
757 1092 841 1126 infra
855 1103 983 1136 terram,
998 1105 1060 1126 nec
1073 1093 1105 1127 in
1120 1105 1210 1128 terra.
1225 1094 1327 1141 Super

297 1154 416 1178 terram
437 1145 492 1189 est,
518 1145 574 1191 qui
592 1157 717 1180 terrena
741 1145 888 1193 negligit,
914 1146 946 1180 in
965 1157 1047 1180 terra
1064 1146 1118 1189 est,
1138 1147 1194 1192 qui
1212 1147 1244 1181 in
1263 1159 1325 1182 ter-

297 1209 375 1232 rena
388 1209 446 1231 cor
461 1198 553 1232 suum
565 1197 681 1246 affigit,
697 1200 730 1233 &
745 1198 786 1233 de
799 1197 914 1233 talibus
928 1197 1007 1233 dicit
1019 1199 1196 1246 apostolus,
1212 1215 1230 1230 α
1248 1202 1326 1236 Gla-

297 1253 345 1285 ria
358 1265 458 1286 eorum
472 1255 503 1286 in
519 1254 698 1298 confusione,
712 1256 765 1298 qui
775 1265 891 1287 terrena
896 1255 1026 1300 sapiunt
1037 1268 1055 1283 υ
1070 1252 1174 1297 (Phil,
1187 1263 1239 1298 ΙΙΙ,
1258 1257 1325 1302 19),

297 1302 363 1338 hoc
380 1305 434 1347 est,
453 1303 575 1340 habent
593 1304 852 1340 deletstacionem
869 1307 903 1340 ὅ(
922 1306 1070 1354 saporem
1084 1306 1117 1340 in
1133 1307 1273 1342 terrenis.
1294 1308 1327 1342 Et

297 1358 455 1393 lohannes
472 1359 505 1393 in
523 1359 720 1407 Apocalypsi
736 1361 830 1405 (vul,
856 1362 932 1407 13):
954 1375 971 1390 «
995 1362 1047 1404 Ve,
1060 1373 1106 1402 ve,
1126 1362 1326 1395 habitantibus

296 1413 327 1444 in
335 1413 434 1446 terra!
444 1427 463 1443 n
472 1413 652 1457 Genes.‚111
664 1412 730 1460 (ὁ),
742 1428 760 1444 «
779 1414 865 1448 Vidit
875 1413 994 1456 mulier,
1005 1413 1124 1447 scilicet
1134 1413 1206 1455 Eva,
1221 1429 1238 1443 a
1247 1413 1326 1458 quod
1353 1413 1355 1417 ’

297 1464 413 1511 IIgnum
430 1466 500 1511 effer
517 1468 622 1500 bonum
643 1468 683 1500 ad
699 1468 870 1513 vescendum
888 1467 918 1500 δ’
930 1467 1089 1512 pulchrum
1108 1467 1204 1500 oculis
1223 1468 1325 1513 aspec-

295 1529 384 1563 tuque
397 1519 586 1563 delec‘hbik,
607 1520 679 1554 tulit
699 1521 737 1554 de
751 1522 858 1565 fruc‘lu
877 1520 965 1554 illius
982 1520 1012 1554 δ’
1030 1522 1168 1563 comedit,
1194 1520 1225 1554 ὃ·
1241 1521 1326 1554 dedit

295 1573 361 1606 viro
365 1572 439 1618 suo,
452 1572 483 1606 6·
496 1574 634 1607 comedit.
647 1588 665 1603 υ
681 1572 743 1607 Sed
758 1573 905 1620 precepit
918 1573 1006 1608 Deus
1020 1574 1107 1621 prius
1120 1572 1193 1608 Ade
1210 1573 1325 1621 (Gen,

296 1633 335 1668 11,
360 1623 431 1673 τό),
456 1640 473 1656 ‘¹
493 1628 537 1660 Εκ
554 1629 635 1661 omni
652 1627 740 1673 ligno
756 1628 895 1674 paradisi
912 1628 1040 1670 comede,
1068 1628 1105 1661 de
1123 1628 1209 1673 ligno
1228 1639 1324 1661 autem

286 1679 420 1724 sciencie
441 1680 511 1714 boni
528 1679 558 1714 ὃ·
575 1680 651 1714 mali
671 1694 707 1714 ne
733 1682 889 1715 comedas!
910 1695 927 1711 n
957 1678 1054 1716 Unde
1071 1679 1133 1715 Eva
1158 1678 1326 1727 respondit

295 1730 452 1779 serpenti:
481 1747 499 1763 τι
520 1735 570 1767 De
588 1734 695 1778 fruchu
724 1733 814 1780 ligni,
847 1735 925 1779 quod
942 1737 980 1779 est
1006 1736 1036 1767 in
1064 1735 1162 1768 medio
1178 1735 1324 1781 paradzfi,

289 1788 428 1831 precepit
444 1787 531 1820 nobis
544 1788 640 1829 Deus,
660 1800 696 1820 ne
709 1788 924 1821 comederemus
939 1787 969 1821 δ’
982 1801 1018 1821 ne
1030 1800 1220 1834 tangeremus
1232 1788 1322 1830 illud,

295 1841 425 1884 neforte
442 1843 605 1874 moriamur
621 1855 639 1871 ι)
659 1841 809 1886 (Genes.‚
834 1850 887 1886 111,
908 1843 957 1890 3).
979 1841 1080 1876 Refio
1102 1853 1182 1889 ergo
1201 1839 1323 1875 iudicio

295 1892 360 1927 Dei
378 1891 606 1928 dividebantur
627 1905 764 1941 corpora
782 1893 855 1929 Ade
872 1895 907 1928 &
925 1894 985 1929 Eve
1003 1893 1044 1929 ab
1063 1892 1232 1928 animabus
1251 1894 1322 1938 suis,

295 1946 372 1993 quia
390 1944 445 1993 ipsi
471 1958 586 1981 contra
607 1947 670 1981 Dei
688 1959 878 1995 preceptum
896 1946 1086 1983 dividebant
1107 1960 1246 1995 pomum
1266 1960 1324 1994 per

295 2000 451 2044 morsum,
468 1998 555 2034 unde
573 2012 661 2034 mors
687 2013 707 2034 a
720 2001 827 2035 morsu
847 2000 1017 2036 derivatur.
1037 2001 1198 2048 Oportuit
1215 2001 1322 2048 igitur,

297 2066 354 2088 eos
367 2054 463 2098 mori,
484 2055 518 2089 &
532 2067 592 2090 nos
606 2067 722 2090 omnes
735 2068 793 2103 per
806 2056 904 2103 ipsos,
922 2057 957 2091 &
973 2056 1006 2090 in
1020 2054 1140 2091 eodem
1153 2055 1214 2090 fuit
1227 2054 1320 2101 culpa

1211 2130 1225 2147 2
