1624 2788
276 393 333 415 1218

215 440 298 463 octob.
312 449 332 471 9.

203 1677 286 1700 Οᾶοὶ).
299 1678 335 1700 26.

354 264 420 311 146
601 271 711 297 LIBER
730 270 881 296 DUELLII
900 268 1124 295 CHRISTIANI

348 383 534 419 Confestim
560 383 657 431 igitur
687 381 905 430 quadraginta
930 393 1083 429 quattuor
1110 380 1248 416 armavit
1268 379 1376 427 galeas

348 438 381 471 &
401 450 477 471 cum
495 436 543 471 his
559 437 593 471 in
613 436 690 471 festo
708 436 816 471 Sanffl
829 434 976 481 Dionyfij
993 436 1082 470 irruit
1099 434 1192 481 super
1209 445 1279 467 nos.

395 491 474 526 Vlll.
501 490 673 526 Christiani
695 503 774 526 vero
801 490 990 525 catervatim
1015 502 1073 537 per
1100 487 1246 524 sabulum
1263 486 1378 521 armati

346 544 545 588 incedentes,
571 556 632 578 nec
649 556 791 579 mortem
808 556 869 591 pro
888 543 1005 579 Christi
1023 543 1170 586 nomine,
1195 553 1256 576 nec
1273 539 1378 575 iacula

348 597 572 642 formidantes,
600 597 654 632 sed
673 598 705 632 in
734 597 861 632 honore
883 598 917 632 &
936 596 1034 632 laude
1055 596 1118 631 Dei
1140 595 1378 644 perseverantes

347 652 449 686 multa
461 651 539 699 paffi
554 651 626 686 sunt
636 651 815 698 opprobria
828 653 862 686 &
876 651 1008 686 vulnera
1020 652 1053 685 in
1067 650 1119 685 die
1132 650 1195 684 illa.
1213 648 1378 683 Dominus

347 717 456 740 autem
483 705 619 753 legatus,
645 703 794 739 deferens
820 705 948 753 lignum
972 704 1144 739 Salvatoris
1168 704 1202 737 in
1227 699 1377 736 manibus

347 759 418 803 suis,
447 757 637 793 hortabatur
655 758 772 793 milites
789 760 823 793 ὅ(
841 757 966 806 pedites
989 757 1031 792 ad
1050 756 1243 804 obsequium
1262 755 1376 790 Cruci-

346 811 411 856 fixi,
430 813 464 846 &
482 824 558 846 ecce
577 810 681 846 subito
699 811 873 846 innovatus
891 811 934 846 est
951 810 1003 845 ille
1022 811 1204 846 Daviticus:
1222 810 1377 855 Saulper-

346 866 427 911 cuffit
440 866 525 899 mille
539 865 570 899 Er
585 867 692 899 ‘David
709 866 807 899 decem
826 866 913 899 milia
935 863 966 912 (ι
988 865 1091 908 Sam.‚
1105 873 1210 908 XVIII,
1229 864 1277 909 7).
1298 862 1377 896 Non

347 919 452 953 solum
481 919 569 954 enim
594 918 710 953 milites
733 919 938 967 paganorum
965 917 1059 953 occisi
1085 918 1167 960 sunt,
1199 916 1253 952 sed
1278 917 1376 951 etiam

347 972 402 1017 illi,
434 973 489 1019 qui
515 984 672 1007 venerant
696 973 728 1006 in
756 972 866 1020 galeis,
895 973 929 1006 in
955 985 1040 1019 aqua
1057 969 1207 1006 submerfi
1232 971 1316 1015 sunt,
1342 970 1378 1004 &

347 1038 433 1073 aqua
451 1025 606 1072 sanguine
619 1026 653 1059 &
666 1024 822 1072 spurcicia
843 1037 958 1059 eorum
975 1023 1060 1059 adeo
1074 1025 1195 1059 infesta
1211 1024 1265 1067 est,
1286 1022 1377 1071 quod

347 1079 505 1126 plurimos
523 1077 591 1112 dies
611 1076 675 1112 fine
693 1091 779 1125 aqua
796 1079 830 1113 δε
848 1079 1000 1113 εοέὶίοηε
1019 1078 1148 1113 fuimus.

398 1132 447 1167 lX.
471 1131 540 1166 Post
565 1130 626 1166 hec
649 1132 807 1179 applicuit
825 1130 1031 1180 Ruodpertus
1057 1131 1099 1167 de
1116 1130 1276 1167 Crufione
1301 1143 1378 1166 cum

348 1185 556 1221 Tubernense
584 1186 705 1220 comite
727 1187 761 1220 δε
782 1186 903 1220 comite
933 1184 974 1220 de
997 1185 1150 1230 Marchia,
1186 1186 1241 1233 qui
1258 1184 1379 1220 multos

348 1241 457 1275 secum
483 1238 686 1274 adduxerant
717 1239 959 1274 commilitones
986 1238 1027 1274 de
1052 1239 1161 1274 Gallia
1186 1240 1221 1274 &
1248 1238 1378 1286 Anglia.

348 1291 549 1341 perpendens
563 1304 673 1327 autem
692 1306 746 1328 rex
763 1293 878 1341 Egipti,
900 1292 991 1340 quod
1008 1292 1267 1328 Christianorum
1284 1292 1380 1326 cotti-

348 1346 400 1382 die
418 1345 597 1395 augebatur
615 1347 781 1390 exercitus,
811 1347 979 1395 cogitavit,
1009 1346 1112 1393 quod,
1137 1358 1315 1394 antequam
1332 1345 1380 1379 isti

349 1413 452 1448 equos
470 1399 673 1435 extraherent
687 1401 722 1435 &
735 1413 826 1435 arma
843 1399 884 1435 de
902 1399 1038 1436 navibus
1056 1411 1268 1449 exponerent,
1285 1399 1380 1447 super

348 1467 410 1489 nos
427 1467 554 1489 1rruere.
738 1467 740 1469 ’

476 1563 619 1609 Qaliter
627 1563 762 1608 secunda
780 1565 844 1597 vice
853 1562 1003 1609 soldanus
1022 1564 1134 1607 nqftros
1152 1564 1264 1608 invafit.

400 1668 497 1716 Igitur
514 1668 547 1702 in
566 1667 645 1702 festo
659 1668 767 1703 Santsti
780 1669 937 1713 Demetrij
951 1679 1109 1703 venerunt
1121 1667 1240 1716 Pagani
1253 1666 1296 1702 ad
1310 1678 1379 1702 ten-

350 1721 443 1766 toria,
468 1721 566 1756 nostri
588 1733 708 1766 autem,
737 1722 828 1769 equis
853 1721 1007 1757 velociter
1029 1719 1179 1766 accensa,
1209 1720 1379 1768 perseque-

349 1773 467 1810 bantur
492 1787 549 1809 eos
567 1775 668 1822 usque
691 1774 733 1810 ad
763 1787 901 1823 pontem
924 1775 1026 1819 suum,
1052 1787 1110 1822 per
1128 1787 1227 1822 quern
1245 1772 1379 1808 cottidie

349 1827 525 1863 veniebant
552 1828 595 1863 ad
619 1841 691 1864 nos.
726 1827 770 1864 lbi
789 1829 880 1863 multi
900 1827 995 1864 occifi
1013 1829 1086 1863 sunt
1102 1827 1244 1872 illorum,
1270 1828 1304 1862 ἀ
1322 1825 1379 1862 nifi

350 1893 416 1915 nox
437 1879 584 1926 affuiffet,
608 1895 683 1917 cum
707 1881 768 1916 illis
786 1894 924 1929 pontem
945 1879 1171 1925 transiffemu53
1197 1878 1218 1914 fi
1242 1879 1377 1927 quidam

348 1934 492 1977 illorum,
513 1935 568 1982 qui
583 1947 720 1982 pontem
738 1935 914 1979 evaserant,
933 1935 1033 1982 ruptis
1054 1932 1183 1968 funibus
1197 1934 1232 1968 &
1246 1933 1379 1978 catenis,

351 1986 466 2034 quibus
483 2001 568 2035 pons
586 1987 783 2031 firmabatur,
799 1987 941 2023 eundem
955 1987 1042 2023 abire
1056 1987 1254 2032 dimiserunt,
1272 1985 1380 2034 licque

351 2041 448 2075 nostri
466 2054 541 2076 cum
556 2041 722 2089 triumpho
741 2042 813 2076 sunt
827 2040 940 2077 reversi
956 2040 1124 2076 laudantes
1137 2041 1172 2076 &
1183 2039 1379 2075 benedicen—

351 2105 396 2128 tes
423 2094 607 2129 Dominum
631 2096 850 2142 Sane‘lumque
868 2094 1081 2130 Demetrium.
1112 2093 1181 2129 Erat
1204 2105 1314 2129 autem
1333 2092 1380 2128 ibi
