1624 2788
358 237 405 286 36
810 245 937 272 GEsTA

287 369 345 392 ¹2¹7
357 358 540 407 penuriam,
570 370 633 405 que
662 355 718 392 nifi
746 355 933 393 abbreviata
959 355 1072 400 fuiffet,
1103 356 1218 392 hiemis
1235 357 1386 405 asperitas

358 425 459 460 quam
475 412 633 459 plurimos
649 409 837 446 extinxisset.

284 478 343 501 1218
407 465 476 500 Post
500 464 560 500 hec
584 464 703 499 milicia
727 462 920 511 quadrifarie
938 463 1054 509 divisa3
1082 477 1136 499 rex
1155 464 1310 512 Ungarie,
1333 477 1388 500 rex
1400 474 1529 505 B.,p.226,
1545 483 1595 499 ιι.

358 519 472 566 Cypri,
488 531 507 553 a
520 517 702 566 patriarcha
713 519 748 552 &
760 515 975 552 nobilioribus
988 518 1064 552 licet
1073 517 1185 552 frustra
1197 516 1241 552 ad
1253 530 1388 552 manen-

359 571 439 607 dum
458 572 594 616 invitati,
616 584 692 606 cum
711 578 835 620 magna
853 582 945 619 parte
963 572 1120 606 exercitus
1136 570 1299 618 Tripolim
1317 571 1389 606 sunt

360 626 511 673 profeffi,
541 624 597 660 ubi
622 624 758 659 modico
786 624 857 672 post
886 636 1036 672 tempore
1065 625 1170 672 Cypri
1200 623 1388 659 adolescens

360 691 504 715 mortuus
522 679 575 714 est.
593 678 666 713 Alia
683 691 755 726 pars
774 678 940 723 exercitus,
958 678 1034 726 gule
1048 677 1239 724 deserviens,
1262 691 1389 713 reman-

359 730 395 767 fit
413 733 446 768 in
464 731 613 777 Achone‚
636 733 809 779 expecians
828 730 1012 779 passagium
1029 732 1167 767 vernale.
1195 732 1262 766 Rex
1283 731 1389 766 lhero-

358 785 560 820 solimitanus
576 787 611 820 &
626 784 691 820 dux
704 785 828 820 Austrie
841 785 943 820 vitam
958 797 1035 819 cum
1052 784 1144 820 rebus
1162 798 1224 833 pro
1239 786 1388 820 Domino

357 838 562 875 laudabiliter
582 837 721 874 fundens
739 851 816 873 cum
833 838 990 885 episcopo
1003 837 1196 874 Traiestenfi
1210 840 1245 874 δε
1260 838 1389 874 Monas-
1402 849 1530 879 v.‚f.4v⁰‚
1541 857 1561 873 e.
1574 856 1597 873 α.

359 891 482 927 terienfi
491 892 624 939 aliisque
632 891 791 939 episcopis
800 891 937 926 castrum
947 891 1122 927 cesaream
1135 898 1145 914 ¹
1159 892 1290 927 viriliter
1300 891 1391 927 simul

358 946 394 980 &
411 945 527 980 utiliter
544 945 761 980 firmaverunt.
784 944 959 992 Templarij
981 957 1058 980 vero
1077 957 1152 979 cum
1170 946 1282 992 paucis
1301 945 1390 980 auxi-

358 997 524 1034 liatoribus
544 999 721 1046 peregrinis
738 999 773 1032 &
788 997 939 1045 hospitali
961 996 1002 1032 de
1021 997 1125 1032 domo
1143 999 1391 1047 peregrinorum

361 1053 498 1088 castrum
518 1053 582 1096 filij
600 1053 673 1096 Dei,
701 1051 793 1099 quod
819 1051 900 1086 olim
922 1050 1108 1096 districtum,
1138 1065 1226 1087 nunc
1253 1052 1391 1088 castrum

360 1106 606 1154 Peregrinorum
623 1104 814 1152 appellatur,
841 1103 991 1139 edificare
1011 1117 1178 1152 ceperunt,
1198 1104 1290 1152 quod
1308 1104 1391 1153 poli-

360 1172 432 1194 tum
445 1160 489 1195 est
500 1160 583 1194 inter
593 1159 711 1206 Cepha
724 1159 758 1192 δε
772 1157 946 1192 Cesaream
958 1158 1047 1193 iuxta
1057 1171 1156 1193 mare.
1168 1159 1269 1194 Terra
1281 1171 1392 1194 autem

361 1213 593 1248 circumiacens
612 1213 692 1247 mire
716 1212 760 1247 est
784 1211 963 1256 fertilitatis,
991 1212 1026 1245 &
1042 1223 1156 1259 portus
1178 1211 1391 1259 piscatoribus

361 1266 444 1301 utilis
470 1267 502 1301 se
528 1265 686 1314 adiungit.
716 1265 787 1300 Nec
815 1263 985 1309 filendum,
1011 1265 1116 1312 quod,
1151 1264 1231 1300 dum
1257 1277 1392 1314 propter

362 1333 458 1369 agros
480 1318 715 1355 exhauriendos
741 1317 916 1363 foderetur,
942 1318 1092 1353 inventus
1115 1319 1159 1353 est
1181 1332 1302 1364 murus,
1335 1318 1391 1354 sub

363 1374 452 1409 cuius
465 1372 681 1408 fundamento
700 1384 873 1421 argentum
886 1372 921 1406 &
935 1372 1062 1406 nummi
1079 1384 1213 1407 monete
1225 1371 1392 1408 modernis

362 1427 531 1476 incognite
548 1427 620 1462 sunt
636 1426 769 1462 inventi.

610 1545 660 1580 lV.
679 1547 729 1579 ‘De
737 1545 919 1592 paffionibus
937 1547 1160 1591 navigancium.

416 1639 476 1674 l-lis
488 1639 597 1686 itaque
614 1638 646 1672 in
662 1637 811 1672 Domino
829 1637 907 1672 citra
925 1649 1014 1671 mare
1027 1637 1061 1671 &
1077 1635 1158 1671 ultra
1171 1637 1304 1672 feliciter
1321 1649 1393 1684 per-

367 1693 455 1737 adiis,
486 1693 552 1727 iam
569 1692 701 1726 Martius
728 1702 842 1726 nautas
860 1702 1052 1725 evocaturus
1078 1689 1228 1732 instabat,
1261 1691 1296 1724 &
1317 1702 1394 1725 ecce

367 1745 509 1794 populus
533 1745 667 1789 navalis,
697 1745 752 1791 qui
778 1743 866 1791 apud
884 1742 1097 1779 Ulixibonam
1124 1743 1332 1788 hiemaverat,
1351 1742 1394 1778 ad

368 1813 456 1835 mare
479 1811 654 1847 properare
680 1798 816 1841 festinat,
833 1799 877 1842 δε,
897 1795 1031 1831 confilio
1059 1795 1183 1841 habito,
1205 1795 1393 1832 ordinatum
1406 1806 1441 1836 13.,
1453 1806 1535 1837 μή,
1547 1813 1600 1830 e.2.

368 1854 422 1899 est,
441 1865 476 1888 ut
489 1865 600 1887 comes
613 1851 654 1887 de
663 1851 764 1887 Wide
784 1852 815 1886 in
829 1852 903 1886 navi
918 1851 973 1885 sua
986 1849 1065 1885 duas
1077 1857 1091 1872 ²
1104 1849 1238 1885 ferendo
1256 1850 1393 1884 laternas

368 1920 444 1942 cum
453 1905 631 1942 duodecim
642 1904 777 1941 navibus
791 1903 992 1952 precederet,
1007 1905 1041 1938 &
1052 1916 1164 1938 comes
1177 1902 1393 1938 Hollamensis

369 1962 464 1996 unica
491 1960 622 1995 lucerna
640 1960 674 1994 in
692 1957 818 2007 signum
837 1958 1046 2006 sequencium
1067 1969 1129 2005 pro
1148 1956 1247 1992 tutela
1268 1955 1393 1991 medius
1407 1965 1535 1996 v.,f.5ro‚
1550 1973 1569 1988 e.
1581 1972 1600 1988 ι.

369 2015 485 2064 viginti
495 2025 648 2061 quattuor
660 2011 869 2061 coggonibus
877 2011 1114 2059 adiungeretur.
1122 2009 1295 2058 [Sabbato]
1310 2016 1321 2039 ³
1332 2010 1393 2058 igi-

409 2107 418 2122 1
430 2099 504 2124 Godd.
513 2097 596 2131 legunt
607 2097 679 2122 se.--
695 2097 780 2122 zlnB.
787 2105 854 2121 mar·
954 2103 966 2126 3
988 2095 1016 2119 V.
1038 2093 1097 2127 legit
1114 2093 1232 2125 Sabbon;
1254 2093 1283 2118 B.
1301 2093 1395 2126 praebet

367 2137 424 2172 gini
435 2137 574 2172 irgscriptum
586 2137 624 2172 est.
916 2134 1032 2165 verbum,
1039 2134 1101 2168 quod
1113 2132 1162 2166 legi
1173 2141 1218 2158 non
1225 2132 1304 2167 potest.
