1624 2788
48 900 67 923 B
78 900 94 924 f.
104 906 177 931 ²¹⁵⁸-
188 909 208 924 c.
221 907 240 924 ι.

61 1327 245 1358 Astus-osta.

470 246 519 271 DE
544 246 827 272 PREDICACIONE
853 246 878 271 S.
910 246 1049 272 CRUCIS.
1226 246 1268 284 25

251 355 405 392 audaeier
420 358 455 392 &
472 357 560 392 sume
585 358 735 392 crucem!
755 356 902 404 Quidam
929 356 1019 391 miles
1045 368 1157 403 captus
1175 356 1235 391 fuit
1253 369 1272 390 a

252 410 417 445 Saracenis
434 412 468 445 &
480 411 643 458 suspensus
656 409 699 444 ad
720 423 860 454 murum,
874 409 928 444 ubi
942 411 1013 445 saxa
1026 409 1196 454 cadebant,
1210 423 1272 456 que

253 463 424 498 Christiani
436 462 650 512 proiiciebant
663 462 705 497 ad
719 462 946 498 destruendum
961 476 1102 505 murum,
1117 464 1151 497 &
1163 463 1273 498 Chris-

253 517 331 551 tiani
344 517 501 564 proiicere
514 515 675 551 cessabant
690 516 764 551 illuc
777 515 911 563 lapides,
925 517 1001 563 quia
1015 516 1149 551 militem
1164 517 1275 550 timue—

240 582 328 605 ⁴runt
345 569 494 605 occidere
512 569 556 605 ibi
575 570 766 617 suspensum.
803 569 905 617 Quod
925 569 1036 604 videns
1056 569 1146 604 miles
1163 570 1275 604 coniu-

254 623 335 658 ravit
347 636 406 671 per
421 622 637 671 aspersionem
650 623 812 671 sanguinis
832 623 917 658 lhesu
936 623 1053 657 Christi
1067 623 1276 666 Christianos,

255 675 347 724 quod
364 675 420 724 ipfl
438 689 574 724 propter
597 690 673 711 eum
691 689 759 711 non
779 675 946 720 cessarent,
974 677 1008 711 &
1033 675 1089 724 ipsi
1114 676 1189 711 ideo
1208 688 1276 710 non

255 728 430 775 cessabant,
447 729 502 764 sed
515 731 721 778 proiecerunt
736 729 891 777 lapidem,
906 731 960 776 qui
978 743 1036 778 per
1054 730 1116 764 Dei
1133 730 1278 777 graciam

255 782 402 831 percuffit
426 783 518 818 funes
540 785 575 818 ὅ(
600 796 738 831 pannos,
755 796 813 830 per
838 796 920 830 quos
946 781 1110 830 pendebat
1127 782 1217 816 miles
1235 780 1278 816 ad

256 849 396 880 murum,
411 837 498 884 rupit
516 849 584 881 eos,
601 838 634 871 ἃ
652 837 742 871 miles
759 835 910 871 liberatus
924 837 967 870 est
980 838 1014 871 &
1027 836 1128 871 salvus
1142 836 1280 870 cucurrit

255 888 299 924 ad
316 889 525 924 Christianos.
544 890 655 925 Nolite
669 902 749 938 ergo
768 889 914 924 diffidere
934 889 974 924 de
993 889 1133 933 Christo,
1154 888 1207 923 sed
1228 887 1279 922 fir-

257 956 347 978 mam
364 942 465 978 fidem
482 941 638 978 habentes
659 944 691 977 in
710 942 873 978 Christum
890 944 924 977 &
938 941 1129 977 desiderium
1146 941 1188 976 ad
1206 954 1281 976 eum

257 995 419 1041 veniendi,
441 996 558 1044 surgite
584 1009 642 1044 per
658 995 873 1044 aspersionem
891 996 1063 1044 sanguinis,
1082 1008 1193 1042 quam,
1220 1007 1280 1042 pro

257 1048 352 1085 nobis
370 1048 494 1094 effudit,
511 1051 546 1084 &
558 1050 731 1097 sequimini
744 1063 819 1084 eum
837 1050 870 1084 in
888 1051 995 1084 cruce!
1015 1048 1162 1095 Quidam
1179 1048 1280 1091 miles,

257 1103 291 1137 in
305 1101 391 1137 bello
401 1104 647 1148 Saracenorum,
664 1103 845 1139 vulneratus
860 1115 1000 1150 quatuor
1014 1101 1175 1145 militibus,
1194 1101 1282 1136 audi-

258 1157 314 1200 vit,
341 1156 433 1203 quod
450 1156 571 1191 medici
588 1156 742 1199 dicerent,
769 1156 822 1191 illa
838 1156 969 1191 vulnera
992 1154 1055 1190 effe
1073 1155 1232 1199 mortalia,
1250 1156 1284 1189 ὅ(

260 1210 326 1257 ipse
339 1211 426 1258 cepit
437 1223 527 1245 arma
540 1210 604 1255 sua,
618 1223 682 1257 que
694 1210 762 1258 ipse
776 1209 1015 1258 deposuerat‚&
1028 1208 1126 1244 dixit:
1142 1225 1159 1240 «
1169 1209 1284 1243 Domi-

262 1278 280 1294 «
294 1275 354 1298 nus
366 1276 457 1298 meus
472 1263 574 1298 ihesus
587 1263 730 1299 Christus
740 1262 847 1311 passus
859 1263 918 1297 fuit
931 1275 991 1310 pro
1002 1276 1054 1297 me
1064 1263 1208 1309 quinque
1217 1262 1284 1297 vul-

262 1331 280 1347 «
293 1329 381 1361 nera,
394 1317 428 1351 &
442 1329 507 1364 ego
525 1315 639 1352 redibo
654 1318 687 1352 in
701 1316 822 1352 bellum
833 1318 868 1351 δε
880 1317 990 1364 paciar
1004 1328 1065 1363 pro
1081 1328 1121 1350 eo
1136 1316 1286 1362 quintum

262 1385 279 1401 rr
291 1369 418 1414 vulnus,
430 1371 506 1416 quia
524 1382 636 1417 quater
653 1368 759 1418 passus
780 1369 857 1413 sum,
866 1386 883 1400 υ
899 1371 933 1403 δε
947 1382 1022 1403 cum
1040 1380 1180 1403 armatus
1198 1367 1286 1412 esset,

260 1421 355 1458 rediit
371 1423 404 1458 in
423 1421 544 1457 bellum
560 1424 595 1458 &
620 1423 739 1457 multos
758 1422 878 1458 occidit
896 1423 1086 1457 Sarracenos
1105 1423 1139 1456 &
1157 1421 1286 1465 cadens,

263 1475 379 1523 quinto
398 1475 530 1511 vulnere
548 1488 692 1523 recepto,
711 1474 851 1510 reddidit
864 1475 1007 1522 spiritum
1020 1474 1159 1510 Christo.
1187 1475 1288 1522 Surge

263 1541 297 1564 tu
315 1541 406 1578 ergo,
425 1530 481 1576 qui
506 1529 553 1564 vis
570 1528 705 1564 reddere
722 1529 867 1576 spiritum
884 1528 1023 1571 Christo,
1043 1529 1105 1562 &c.
1139 1527 1287 1575 Qidam

262 1582 352 1617 miles
366 1583 398 1617 in
419 1594 540 1630 campo
559 1595 626 1617 erat
639 1594 754 1617 contra
770 1583 946 1617 Saracenos
963 1582 996 1615 &
1015 1580 1093 1615 dixit
1111 1594 1197 1628 equo
1213 1581 1287 1615 suo:

264 1651 283 1667 ct
295 1635 439 1679 Morelle,
459 1635 604 1681 morene,
621 1635 739 1683 pluries
754 1635 846 1670 tulisti
866 1636 896 1669 in
915 1633 1037 1669 bellum
1055 1647 1130 1668 cum
1146 1633 1241 1669 laude
1255 1635 1288 1668 ὅ(

265 1704 282 1720 cr
294 1689 440 1733 victoria,
455 1687 509 1724 sed
523 1701 692 1736 nunquam
710 1687 788 1724 ficut
805 1687 915 1732 hodie,
927 1688 1002 1735 quia
1019 1687 1118 1723 hodie
1139 1688 1218 1723 feres
1237 1701 1289 1723 me

266 1757 284 1773 te
295 1741 338 1777 ad
355 1743 455 1777 vitam
469 1754 614 1778 eternam
631 1758 648 1773 ι)
662 1743 706 1787 &‚
717 1741 860 1790 pluribus
877 1741 919 1777 ab
937 1755 977 1777 eo
996 1741 1116 1785 occisis,
1132 1742 1232 1776 faetus
1246 1741 1289 1776 est

263 1807 385 1841 martyr
402 1796 435 1831 in
454 1796 615 1830 Domino.
634 1796 734 1844 Surge
752 1808 831 1844 ergo
845 1797 879 1830 ὅ(
892 1795 958 1830 esso
977 1807 1095 1840 martyr
1108 1795 1237 1839 Christi,
1252 1807 1290 1829 ex

264 1861 332 1896 quo
346 1847 394 1893 sis,
413 1847 506 1896 quod
524 1847 649 1883 necesse
661 1849 715 1892 est,
735 1861 766 1883 te
779 1849 873 1892 mori,
891 1849 953 1883 &c.

312 1900 460 1950 Qidam
475 1901 567 1936 miles
581 1901 683 1950 Hugo
698 1904 832 1936 nomine
847 1901 887 1936 de
904 1901 991 1936 Bello
1006 1902 1139 1949 Campo
1153 1902 1185 1935 in
1201 1899 1288 1934 bello

264 1956 501 1991 Saracenorum
516 1967 649 2003 portans
662 1968 771 1990 veram
788 1955 931 1990 Crucem
945 1955 1069 1990 occisus
1087 1955 1130 1989 est
1143 1956 1177 1989 ὅ(
1194 1953 1288 1988 dixit:

266 2024 284 2040 a
302 2009 480 2056 Nunquam
495 2008 540 2043 fui
558 2009 592 2043 in
606 2007 692 2043 bello
707 2021 827 2056 campo
847 2007 902 2042 nisi
920 2007 1031 2052 hodie,
1050 2009 1084 2042 ὅ(
1101 2019 1211 2042 tamen
1231 2019 1290 2040 no-

266 2077 284 2093 ιτ
296 2062 404 2096 minor
420 2060 462 2096 de
487 2061 575 2097 Bello
601 2061 756 2109 Camp03
786 2061 889 2109 surge,
916 2074 951 2096 ut
972 2062 1080 2096 venias
1111 2060 1152 2095 ad
1170 2059 1291 2095 bellum

265 2130 284 2147 «
295 2117 463 2162 campum!
473 2130 490 2146 u
502 2115 579 2150 Hoc
588 2115 631 2149 est
647 2117 792 2162 ingeram
807 2114 848 2149 de
863 2115 975 2158 Boves,
988 2113 1078 2161 quod
1091 2113 1181 2148 miles
1195 2112 1291 2147 dixit:

1154 2190 1170 2213 4
