1624 2788
455 225 759 253 CRUCIGERORUM
785 223 1068 251 RHENANORUM.
1232 224 1273 262 41

255 338 372 375 locata.
400 338 519 374 Infiniti
535 338 640 373 eciam
665 337 719 382 alij
740 338 774 371 &
799 336 949 384 theologi
967 337 1002 370 in
1024 333 1157 383 pariensi
1188 334 1280 369 fonte
1311 339 1368 362 ¹²¹8

256 393 367 428 nutriti
379 405 419 427 ex
426 391 611 427 inordinata
623 389 720 434 dieta,
735 388 917 425 dissenteria
931 390 1110 424 comitante
1123 390 1157 423 &
1170 388 1280 423 calore

257 445 380 481 cuneus
397 444 538 480 febribus
555 444 707 488 forciore,
725 456 867 491 corpora
878 443 933 477 sua
950 443 1048 477 Terre
1064 443 1192 486 Sandie,
1210 442 1280 476 ani-

257 512 328 534 mas
345 511 424 534 vero
442 497 510 533 filio
528 497 672 546 Virginis
694 497 859 543 reliquere.
877 496 947 530 Post
971 495 1153 543 predie‘tum
1177 495 1281 529 comi-

258 566 325 589 tem
349 553 475 600 semper
493 549 758 593 memorandum,
788 561 900 584 comes
929 548 1094 584 Gerardus
1120 547 1162 583 de
1180 547 1282 584 Wide

258 608 291 641 in
311 606 430 641 milicie
448 605 622 640 dominum
640 618 658 639 a
674 604 862 638 Teutonicis
881 605 1101 639 communiter
1114 611 1123 626 ¹
1146 603 1281 651 eligitur.

50 671 245 701 v.,f.⁶.v⁰,c.2.
258 661 302 695 At
318 659 371 695 ille
388 672 458 694 non
475 659 584 694 minor
599 658 723 701 animo,
743 670 843 705 quam
860 670 1000 705 corpore
1017 658 1103 693 viros
1121 656 1283 692 &milites

257 712 482 748 strenuiffimos
491 711 534 747 ad
546 710 693 746 officium
706 710 850 759 predi6le
865 711 955 745 navis
968 709 1130 745 ordinavit
1143 709 1284 758 singulos

257 766 301 802 ad
319 767 392 801 suos
409 764 536 800 labores
555 765 709 813 sagaciter
725 763 929 811 deputandO,
948 764 1020 810 post
1037 764 1107 808 hec,
1130 763 1284 797 oracione

257 818 300 855 ad
318 820 500 855 Dominum
523 818 601 862 fusa,
627 819 661 852 &
682 817 725 852 ad
744 818 887 853 Crucem
913 817 1055 851 sanc‘iam
1081 816 1284 864 proceffione

257 872 458 909 devotiffime
473 873 615 919 peradh,
629 871 719 906 navis
737 870 904 905 christiana
921 871 952 904 in
972 871 1102 917 aspedlu
1114 877 1128 892 ²
1140 868 1284 905 terribilis

258 925 313 962 sed
330 925 451 961 decora
472 924 525 960 die
543 925 631 960 Beati
649 923 798 972 Apostoli
820 923 1038 958 Bartholomei
1063 936 1139 958 cum
1158 935 1283 971 magno
1298 932 1356 960 Auz-
1371 937 1406 959 24-

257 979 368 1015 labore
381 978 425 1014 ad
440 979 553 1013 turrim
566 978 708 1013 trahitur.
728 977 748 1012 E
760 989 875 1011 contra
891 978 1013 1025 pagani
1026 976 1068 1011 ad
1083 977 1195 1011 omnia
1213 975 1284 1018 sub-

0 1073 19 1079 ,.
259 1032 386 1068 tilisfimi
415 1031 458 1067 ad
488 1029 718 1066 destruendum
749 1042 889 1078 pontem
915 1030 1082 1065 machinas
1110 1030 1284 1064 collocant.

0 1103 1 1106 ¹
53 1093 88 1122 B„
98 1101 120 1124 1²-
131 1098 184 1122 ²²92
195 1098 246 1114 Μ·
258 1087 413 1133 Cumque
426 1091 438 1114 3
449 1084 614 1128 stmflura,
634 1085 665 1118 in
693 1084 842 1118 Domino
868 1084 932 1118 iam
959 1084 1089 1131 iamque
1107 1083 1285 1130 triumpha-

259 1153 341 1183 tura,
373 1138 416 1174 ad
438 1139 656 1173 summitatem
681 1138 772 1172 turris
797 1137 1023 1185 applicaretur,
1036 1137 1156 1181 4scala‚
1180 1136 1286 1171 cordis

261 1195 322 1230 suis
338 1204 514 1241 parumper
537 1191 658 1234 laxatis,
684 1191 760 1225 turri
782 1189 943 1226 demiffius
968 1191 1012 1225 est
1041 1189 1216 1238 suppressa,
1246 1190 1286 1225 de

260 1259 326 1295 qua
346 1244 500 1282 vexillifer
522 1244 612 1279 ducis
635 1244 768 1289 Austrie,
785 1245 928 1292 primum
946 1245 1089 1292 aspirans
1107 1244 1287 1290 introitum,

261 1299 383 1335 decidit
399 1300 434 1334 &
450 1297 492 1333 fic
505 1310 567 1345 pro
587 1298 679 1332 sociis
688 1297 731 1332 ad
749 1296 852 1332 filium
859 1297 1004 1345 Virginis
1022 1297 1225 1333 exorandum
1244 1298 1288 1332 est

262 1351 444 1388 destinatus.
460 1353 532 1388 Nec
548 1365 652 1396 mora,
670 1352 835 1386 Sarraceni
857 1351 949 1398 super
968 1351 1093 1386 nostros
1110 1351 1235 1399 lapides
1254 1353 1288 1386 ὅ(

263 1406 393 1454 sagittas
409 1406 520 1454 pluere
537 1404 590 1441 visi
610 1406 681 1440 sunt
697 1406 745 1448 &,
761 1404 853 1452 quod
872 1405 1003 1453 gravius
1021 1405 1076 1449 est,
1093 1405 1205 1452 ignem
1224 1403 1288 1440 sine

264 1460 414 1495 mensura
438 1459 624 1507 proficiunt,
650 1457 692 1493 ad
706 1459 796 1493 cuius
813 1460 971 1493 artasium
987 1458 1071 1492 scala
1087 1457 1289 1506 impetuosis-

59 1511 341 1548 V·‚f-⁷‚r⁰‚e-1-fime
362 1512 407 1548 est
426 1512 584 1548 succensa.
602 1512 699 1547 Nunc
722 1510 829 1556 dolor,
850 1524 938 1546 nunc
960 1511 1119 1559 planetus,
1144 1511 1288 1559 ploratus

264 1567 300 1602 ὃ(
317 1566 451 1602 ululatus
468 1579 488 1600 a
504 1565 617 1600 nostris
643 1565 684 1601 ad
712 1577 829 1600 terram
849 1577 920 1600 toto
947 1578 1098 1613 corpore,
1119 1565 1162 1600 ad
1180 1566 1289 1600 Deum

266 1619 336 1654 solo
353 1618 454 1654 corde
470 1617 608 1667 profusis
620 1624 631 1648 5
644 1618 688 1653 est
705 1617 843 1662 auditus,
856 1619 1037 1666 patriarcha
1051 1619 1156 1654 eciam
1182 1619 1289 1654 lhero-

265 1672 465 1707 solimitanus
482 1683 643 1706 coronam
655 1671 770 1719 capitis
786 1671 831 1706 sui
849 1670 968 1707 harena
984 1674 1019 1707 ὅ(
1035 1671 1167 1720 pulvere
1184 1672 1289 1706 humi-

264 1724 336 1760 liter
353 1724 598 1774 conspergebat.

314 1778 349 1813 Et
361 1792 449 1823 ecce,
465 1779 548 1828 ignis
562 1777 742 1814 diabolicus
758 1791 815 1826 per
827 1778 976 1813 lacrimas
990 1780 1144 1814 Sanaum
1158 1779 1290 1814 Bartho-

266 1830 411 1867 lomeum
430 1831 472 1867 sic
488 1832 718 1866 invocancium
736 1832 779 1866 est
797 1831 978 1866 exstinfius.
998 1831 1050 1866 Ad
1070 1845 1215 1880 pugnam
1233 1833 1290 1867 ita-

268 1897 332 1932 que
345 1884 399 1929 filij
413 1885 475 1920 Dei
487 1884 633 1928 redeunt,
643 1884 755 1920 lancea
765 1886 799 1919 δε
811 1883 943 1932 cuspide
956 1885 1106 1921 inimicos
1121 1885 1290 1929 invadunt,

268 1936 375 1985 sicque
400 1937 486 1973 haste
514 1951 571 1985 per
595 1938 732 1973 minima
757 1938 856 1973 fradle
884 1938 918 1972 in
938 1940 1012 1973 ae'ra
1038 1951 1129 1973 more
1152 1938 1291 1974 telorum

267 1991 457 2027 volancium
469 1989 617 2026 refilium.
631 1989 685 2025 Ad
701 1991 862 2035 ultimum,
879 1990 960 2026 hora
973 1991 1180 2039 vesperorum
1196 1992 1291 2036 faeta,

309 2084 317 2099 ι
335 2075 362 2100 V.
375 2075 486 2100 comitet.
500 2090 530 2093 ἡ
546 2085 559 2100 1
571 2075 596 2100 B.
603 2074 707 2108 supplet.
719 2089 751 2092 -
851 2084 867 2106 4
879 2075 909 2099 V.
922 2074 1111 2108 applicarentur.
1128 2090 1159 2092 —
1176 2075 1220 2106 ςΒ.
1236 2083 1291 2107 pro-

273 2123 284 2146 3
302 2115 330 2140 V.
345 2114 470 2148 omnique.
815 2113 867 2139 fufi.

1083 2170 1097 2193 ⁶
