1624 2788
120 795 136 818 f.
150 795 226 824 1761„

513 246 551 271 ΙΝ
570 246 768 272 οΒεωΙοΝΕ
786 245 982 271 DAMIATE.
1192 244 1255 283 145

238 359 341 394 lhesus
373 357 515 395 Christus
547 357 675 394 mififfet
702 359 837 407 angelos
856 358 928 393 suos
948 357 991 393 ad
1008 358 1120 392 turrim
1135 370 1259 406 expug-
1275 364 1334 387 ¹218

238 412 394 457 modam,
423 425 564 460 quorum
581 414 697 448 timore
714 413 830 447 milites
856 411 992 459 prediffi
1020 413 1131 446 turrim
1153 411 1260 446 Chris-

239 468 332 502 tianis
358 466 569 511 tradiderunt,
599 466 689 500 miles
715 478 824 500 autem
848 465 900 500 ille
926 466 959 499 in
986 463 1144 499 flammeis
1165 465 1262 499 armis

240 519 331 567 quod
351 518 429 555 effet
446 520 558 554 Beatus
576 519 809 563 Bartolomeus,
829 520 884 566 qui
901 519 998 553 etiam
1014 519 1115 553 rursus
1133 518 1177 552 eis
1194 529 1263 552 tan-

240 586 340 620 quam
368 573 547 608 excoriatus
577 574 733 621 apparuit.
759 573 944 607 Confestim
972 573 1069 621 igitur
1098 572 1263 620 fregerunt

240 638 368 661 catenas
386 627 420 660 &
436 638 593 673 ceperunt
610 627 771 674 navigare.
797 626 914 673 Pagani
936 638 1045 660 autem
1063 640 1080 660 e
1098 626 1262 660 contrario

241 678 474 714 submerserunt
498 692 595 715 naves
621 680 700 723 suas,
730 692 782 713 eas
808 691 884 713 cum
901 678 1061 726 lapidibus
1079 690 1261 722 onerantes,

239 733 272 767 ὅ(
290 744 366 767 cum
391 746 456 768 una
481 732 533 767 die
559 745 618 767 nos
636 731 844 768 voluissemus
863 733 1026 780 navigare,
1055 731 1197 778 quedam
1220 730 1262 765 de

239 785 374 820 navibus
392 785 504 820 nostris
521 785 680 820 submerse
698 786 776 821 sunt.

291 895 431 941 Qaliter
449 896 615 938 Christiani
624 896 737 939 primo,
757 895 923 938 aliquantis
933 895 1059 939 suorum
1079 896 1109 927 in
1127 896 1213 938 aquis

353 948 521 994 submersis,
540 949 577 981 de
588 950 690 994 prima
707 949 936 981 sarracenorum
955 947 1138 993 aggreffione

624 1003 879 1047 triumphaverint.

287 1106 361 1141 Alia
373 1118 483 1141 autem
496 1105 548 1141 die
563 1106 733 1153 templarii,
751 1107 897 1142 volentes
911 1107 1039 1143 transire
1051 1108 1173 1144 flumen
1187 1122 1262 1144 cum

241 1160 314 1195 navi
331 1160 399 1202 sua,
417 1173 436 1194 a
453 1171 552 1194 vento
571 1160 614 1194 eis
636 1160 800 1194 contrario
819 1161 955 1207 proiec’ti
973 1161 1044 1196 sunt
1060 1174 1135 1197 ante
1153 1175 1262 1197 muros
1281 1182 1287 1194 ι

240 1213 386 1257 civitatis,
413 1225 496 1259 quos
518 1213 681 1247 Sarraceni
708 1225 783 1247 cum
801 1212 943 1248 bai-botis
963 1215 1021 1249 suis
1040 1216 1262 1252 circumdede-

240 1278 336 1310 runt3
361 1265 672 1310 Christianiautem,
692 1266 722 1300 se
740 1265 963 1310 defendentes,
984 1268 1103 1303 multos
1120 1270 1264 1318 Pagano-

241 1331 312 1354 rum
335 1318 533 1354 occiderunt.
557 1318 619 1353 Sed
647 1318 803 1362 videntes,
832 1320 921 1354 nullo
948 1320 1052 1355 modo
1078 1322 1214 1358 evadere
1232 1324 1263 1359 se

240 1370 342 1419 posse,
361 1371 506 1406 fecerunt
525 1373 658 1418 pafium
675 1383 751 1405 cum
769 1373 822 1407 eis.
847 1372 993 1408 Centum
1012 1387 1121 1409 autem
1138 1375 1204 1410 fere
1222 1375 1263 1410 de

240 1425 374 1473 Paganis
400 1436 434 1459 ut
458 1424 716 1459 Christianorum
744 1425 957 1461 ascenderunt
981 1439 1128 1473 coccam,
1155 1428 1263 1464 Chris—

241 1478 319 1512 tiani
336 1477 465 1512 inferius
480 1477 644 1525 fregerunt
661 1491 743 1522 eam,
761 1480 795 1512 δε
808 1478 956 1514 submersi
976 1481 1047 1515 sunt
1064 1493 1132 1516 tam
1144 1482 1263 1529 Pagani

242 1543 342 1578 quam
367 1529 539 1566 Christiani
558 1543 684 1574 omnes,
710 1532 765 1578 qui
789 1530 832 1566 ibi
849 1531 994 1577 aderant,
1016 1546 1092 1568 cum
1109 1547 1264 1581 quattuor

241 1582 385 1618 barbotis
406 1584 440 1617 &
469 1583 562 1631 galea
589 1596 664 1628 una,
697 1585 731 1618 &
760 1585 805 1619 ita
834 1598 903 1620 non
929 1585 1116 1622 valebamus
1141 1586 1262 1623 flumen

242 1635 378 1671 transire.

289 1689 342 1724 Vl.
361 1689 466 1734 Tunc,
490 1688 599 1725 divina
622 1690 796 1738 inspirante
819 1693 939 1739 gracia,
961 1691 1114 1727 dominus
1139 1693 1263 1741 legatus

241 1742 397 1789 applicuit
414 1755 490 1777 cum
507 1744 653 1791 principe
671 1744 906 1779 Romanorum.
934 1744 1058 1779 Videns
1075 1758 1185 1780 autem
1203 1746 1262 1781 do-

243 1796 348 1830 minus
367 1796 502 1843 legatus,
521 1796 611 1842 quod
629 1809 696 1831 non
719 1796 914 1832 habebamus
931 1797 1059 1832 firmam
1077 1810 1204 1843 terram,
1230 1801 1264 1834 ἃ

243 1847 432 1883 tenebamur
454 1849 519 1883 loci
536 1848 735 1893 difficultate,
758 1863 799 1885 ne
815 1850 1078 1897 procederemuS,
1097 1853 1264 1899 captivita—

243 1913 308 1936 tem
324 1900 419 1936 valde
438 1901 618 1937 condoluit.

290 1954 355 1989 Vll.
373 1953 518 1989 Audiens
530 1967 639 1990 autem
648 1969 702 1990 rex
711 1956 826 2004 Egipti,
837 1955 938 2003 quod,
952 1969 1058 2003 neque
1068 1969 1126 2003 per
1133 1969 1263 2003 aquam,

244 2018 348 2053 neque
357 2007 582 2054 permanendo
595 2008 628 2043 in
637 2007 759 2052 sabulo,
773 2009 818 2043 eis
827 2009 925 2043 nichil
938 2022 1056 2044 nocere
1066 2022 1264 2056 poteramuS‚

245 2071 321 2094 cum
353 2059 501 2095 universis
529 2061 706 2096 Sarracenis
738 2061 797 2096 suis
826 2062 982 2109 cogitavit
1008 2062 1164 2097 destruere
1193 2075 1262 2097 nos⁴

1080 2137 1108 2162 Ι9
