1624 2788
397 249 447 275 DE
466 248 641 275 mmmm
659 248 761 275 REGE
778 242 1006 276 mRUsALEM.
1163 247 1225 284 ¹25

201 369 266 406 que
282 359 315 393 in
334 370 423 406 aqua
438 357 606 403 natabant,
630 357 696 394 fine
712 359 804 407 gravi
824 357 973 407 dampno
992 358 1123 394 fuerunt
1137 365 1226 393 recu-
1244 369 1302 392 1218

200 424 320 459 perata.
345 412 442 447 Tunc
458 411 632 446 Christiani
648 411 808 460 gaudium
832 411 1024 457 habuerunt,
1051 413 1086 447 &
1113 410 1155 446 fic
1172 424 1229 459 per

200 477 305 500 totam
322 464 465 499 hiemem
490 464 567 512 paffi
592 465 709 500 fuimus
727 467 783 510 ita,
809 465 902 513 quod
919 466 1033 512 quinta
1051 477 1124 513 pars
1142 477 1229 500 exer-

199 519 281 554 citus
298 529 427 553 mortua
451 517 522 562 fuit,
549 520 584 553 &
601 519 694 554 multi
710 520 848 567 ungulas
866 520 1042 555 amiserunt
1057 521 1092 554 ὅ(
1109 517 1228 554 habue-

199 584 273 606 runt
291 569 414 606 malum
439 572 474 605 in
491 584 548 606 ore
572 572 607 606 &
626 572 659 606 in
678 571 827 619 pedibus,
846 571 938 619 quod
959 573 1094 621 agnosci
1110 572 1225 620 potest.
1245 589 1302 612 ηις

246 624 322 659 ΧΙΙΙ.
345 623 547 671 Perpendens
564 637 674 659 autem
700 624 855 660 dominus
872 623 1008 673 legatus,
1027 624 1119 673 quod
1137 625 1228 660 nullo

198 676 304 712 modo
324 676 492 712 manendo
505 678 539 711 in
556 677 670 712 sabulo
685 678 731 712 eis
749 690 867 713 nocere
880 691 1080 726 poteramus,
1098 679 1229 714 vocavit

199 743 315 765 omnes
328 742 404 765 ante
416 730 448 765 se
457 732 491 765 &
500 729 592 765 dixit:
609 733 694 778 Qid
697 734 837 776 facimus
849 735 908 776 hic,
919 733 1060 777 cariffimi
1067 729 1227 767 ,sanlius

197 787 237 830 2st
253 785 338 819 nobis
354 786 432 818 mori
445 787 476 818 in
489 785 580 827 bello,
597 798 684 829 quam
706 788 736 818 in
751 786 852 819 aliena
872 797 952 820 terra
966 789 1063 820 vivere
1066 790 1145 832 ficut
1157 800 1226 833 cap-

196 840 272 871 tivi!
296 836 330 871 Et
352 837 498 884 precepit
514 836 678 880 omnibus,
706 836 770 872 esse
792 849 923 885 paratos
940 839 974 874 in
992 838 1226 886 purificacione

195 890 291 925 Beate
310 890 421 933 Marie,
441 891 476 924 δε
493 889 546 934 fic,
571 890 654 925 facta
671 903 798 934 aurora,
818 903 933 926 omnes
950 893 984 926 in
1005 892 1118 926 cochis
1136 893 1170 926 &
1191 893 1224 928 in
1239 908 1301 931 Febr,
1314 915 1335 931 2.

195 943 296 992 galeis
309 942 522 978 ascenderunt
533 945 568 978 δε
580 956 737 991 ceperunt
748 943 869 979 flumen
883 945 1065 988 ascendere,
1080 945 1134 980 sed
1148 957 1224 993 pro·
1237 957 1299 980 febr.
1313 963 1333 986 ³·

197 997 285 1032 xima
297 1008 368 1031 orta
379 997 423 1031 est
437 997 606 1044 tempestas
620 1009 709 1031 tanta
724 998 757 1031 in
770 1000 855 1040 aere,
867 998 984 1033 scilicet
994 1011 1224 1045 aqua‚ventus‚

197 1048 338 1098 grando,
360 1050 470 1098 ffigus,
489 1049 580 1097 quod
594 1063 696 1085 unum
711 1050 752 1085 de
771 1052 884 1086 nostris
899 1051 994 1100 signis
1012 1065 1081 1087 non
1094 1051 1227 1087 videbat

197 1102 296 1147 aliud,
320 1104 355 1137 ὅ(
372 1116 432 1150 ρει·
450 1114 510 1138 tres
529 1103 597 1138 dies
613 1105 648 1139 &
666 1106 778 1138 nocies
796 1104 977 1152 prediciam
1001 1105 1225 1153 tempestatem

197 1156 407 1191 sustInuimus.

245 1209 328 1245 XIV.
355 1210 504 1245 Similiter
526 1212 561 1245 ὅ(
575 1211 740 1246 Sarraceni
760 1210 983 1257 paciebantur,
1000 1212 1034 1245 &
1053 1211 1227 1247 Christiani

197 1260 238 1296 de
264 1261 482 1298 misericordia
506 1264 568 1298 Dei
595 1275 685 1298 erant
711 1262 870 1310 desperati
896 1265 931 1299 &
957 1263 1109 1299 dicebant
1126 1265 1226 1300 Davi-

196 1313 307 1349 dicum
331 1316 470 1351 versum:
502 1317 624 1351 Oblitus
646 1319 685 1361 est
709 1319 796 1351 Deus
819 1319 904 1352 nobis
933 1318 964 1351 ἂ
988 1321 1096 1352 avertit
1108 1320 1225 1363 faciem

186 1369 289 1413 suam,
316 1381 352 1403 ne
377 1371 478 1403 videat
504 1383 559 1403 nos
579 1372 609 1404 in
627 1372 721 1414 finem
743 1368 871 1412 (Psalm.
899 1380 950 1415 IX,
981 1373 1051 1419 31).
1079 1370 1114 1405 Et
1130 1383 1225 1419 cepe-

195 1434 270 1456 runt
282 1421 402 1456 dicere:
416 1423 473 1465 Tu,
486 1424 629 1466 Domine,
642 1426 695 1468 qui
707 1426 807 1457 omnia
820 1425 930 1470 noscis,
946 1430 955 1446 ¹
969 1428 1222 1470 amequamfiam,

195 1475 226 1508 δ’
239 1477 367 1520 custodis
385 1476 468 1517 illos,
487 1479 539 1520 qui
558 1477 601 1510 ‘Te
617 1489 741 1521 querunt
758 1490 792 1510 ex
806 1489 868 1511 ιοιο
886 1479 984 1520 corde,
1004 1479 1060 1520 Tu,
1079 1480 1223 1522 Domine,

185 1530 277 1574 serva
299 1541 353 1563 nos
374 1528 404 1562 G·
429 1530 540 1573 custodi
562 1530 598 1562 ab
623 1532 676 1573 ista
696 1530 838 1575 perversa
861 1530 892 1563 6·
909 1532 1040 1575 nefanda
1065 1544 1164 1576 gente,
1188 1545 1224 1566 ne

186 1584 275 1627 forte
291 1583 404 1616 dicam:
427 1581 495 1617 Um
512 1590 581 1616 EST
596 1582 695 1617 Deus
713 1591 849 1617 EORUM
873 1586 1123 1619 eRucmxus?
1149 1586 1222 1618 cAd-

195 1638 263 1669 iuva
277 1647 342 1677 nos,
362 1638 505 1677 Domine,
524 1648 556 1669 ut
568 1649 625 1669 non
633 1640 722 1682 fimus
734 1644 998 1671 SUBSANNACIO
1013 1646 1066 1671 m·
1080 1647 1221 1672 ILLUSIO

195 1697 278 1732 uns,
288 1697 353 1727 Qm
363 1697 402 1723 ιη
413 1697 599 1723 culeum-11
609 1697 758 1724 NOSTRo
767 1691 878 1724 SUNT!
891 1689 1018 1733 (Psalm.
1030 1699 1133 1733 xun,
1152 1694 1222 1739 13.)

234 1740 308 1776 XV.
324 1741 358 1775 Et
372 1742 460 1776 Deus
469 1753 558 1775 tanta
567 1741 653 1776 mala
662 1742 769 1788 posuit
779 1742 952 1785 interillos,
967 1742 1059 1789 quod
1070 1743 1222 1779 soldanus

195 1795 270 1830 fecit
286 1793 422 1829 interfici
440 1806 542 1828 unum
561 1793 602 1829 de
620 1794 680 1828 suis
697 1795 898 1838 ammirariis,
914 1796 949 1829 &
966 1796 1100 1831 sanetus
1115 1798 1221 1832 Geor-

193 1849 266 1896 gius
279 1848 360 1882 visus
374 1846 418 1882 ibi
428 1847 483 1892 est,
495 1849 530 1882 &
540 1848 657 1895 Pagani
667 1859 823 1895 ceperunt
835 1848 956 1896 fugere,
971 1849 1016 1883 ita
1030 1849 1121 1896 quod
1131 1864 1222 1898 pater

194 1914 262 1936 non
281 1899 487 1949 exspefkabat
507 1900 620 1944 filium,
644 1902 678 1935 δε
701 1900 888 1937 dimiserunt
910 1903 1034 1945 omnia,
1064 1905 1099 1938 ὃ(
1117 1905 1221 1940 nullus

194 1952 385 2002 sequebatur
397 1966 463 1989 eos.
476 1954 572 1988 Tunc
580 1953 752 1989 Christiani
761 1967 920 2003 magnum
934 1956 1088 1991 timorem
1101 1956 1221 1994 habue-

194 2020 281 2051 runt,
301 2006 366 2051 sed,
385 2007 471 2042 facia
489 2019 615 2051 aurora,
634 2007 800 2042 neminem
817 2021 874 2056 per
891 2021 1045 2058 campum
1062 2010 1221 2058 viderunt,

231 2129 241 2148 ι
262 2123 317 2148 Cod.
330 2122 417 2149 noscit.
