1624 2788
416 233 466 259 DE
482 231 657 258 IOHANNE
675 231 775 258 REGE
796 230 1021 256 IERUSALEM.
1169 230 1228 255 121

208 342 414 391 angelorum,
439 343 475 378 &
491 341 582 378 miles
599 341 652 376 ille
669 341 751 377 visus
769 340 814 375 est
831 338 923 374 fuisse
939 340 1052 375 Beatus
1070 339 1236 374 Bartholo-
1253 351 1309 373 1218

210 409 312 440 meuS,
330 397 387 443 qui
400 396 550 443 apparuit
562 394 679 430 rubens
698 406 854 441 tanquam
867 394 1056 438 excoriatus,
1074 394 1108 428 δε
1123 393 1236 428 festum

210 450 276 484 eius
294 450 419 497 semper
443 450 501 484 erit
517 450 551 483 in
569 446 720 483 cordibus
740 446 950 495 fignatorum,
976 448 1010 481 δε
1030 459 1107 481 tunc
1126 459 1238 494 aperta

210 503 255 538 est
273 501 370 537 nobis
386 503 450 547 via,
468 502 546 549 quia
562 500 698 536 cathene
721 501 820 535 ferree
839 500 938 534 fraste
958 500 1039 543 sunt,
1065 501 1099 534 δε
1114 501 1240 548 pagani

212 568 326 591 contra
349 568 410 590 nos
427 554 639 590 submiserunt
660 566 758 588 naves
776 565 929 588 oneratos
946 552 1120 601 lapidibus,
1147 552 1239 600 quod

211 609 339 657 penitus
357 608 529 644 ascendere
549 620 617 643 non
635 605 796 650 valebant,
814 607 848 641 δε
866 605 907 641 sic
920 605 1042 642 sublata
1060 619 1128 641 erat
1144 605 1239 642 nobis

212 662 282 710 spes
298 663 415 697 intrare
432 663 464 696 in
483 661 658 709 Egyptum,
683 660 737 695 sed
755 659 843 707 quasi
861 661 981 707 captivi
999 659 1190 695 tenebamur
1206 662 1238 696 in

211 714 334 751 labulo.
354 717 387 751 {n
402 727 469 751 uno
486 713 540 749 die
554 714 713 761 templarii
727 712 882 749 volebant
899 726 957 761 per
970 712 1091 750 flumen
1111 713 1240 749 transire

212 781 287 804 cum
311 781 422 817 cogga
445 780 571 811 eorum,
599 768 634 802 ὅ(
656 778 770 802 ventus
798 767 978 801 contrarius
1003 767 1141 814 proiecit
1166 780 1240 802 eam

212 834 287 858 ante
305 834 415 857 muros
441 821 590 864 civitatis,
614 822 649 855 δ(
666 821 830 856 sarraceni
861 819 1146 855 circumdederunt
1167 833 1240 855 eam

213 886 290 910 cum
306 873 462 920 hathonis,
485 875 520 909 ἃ
537 873 710 909 Christiani
727 886 885 921 magnam
903 872 1020 908 cedem
1037 874 1182 909 fecerunt
1199 873 1241 909 de

213 929 362 978 paganis,
380 927 435 963 sed
451 940 527 963 cum
539 926 701 971 vidiffent,
721 925 813 974 quod
827 926 917 961 nullo
936 926 1041 962 modo
1058 940 1078 961 a
1091 926 1241 963 manibus

214 995 422 1031 paganorum
453 980 592 1017 evadere
621 979 809 1028 potuiffent,
838 982 971 1028 pafium
999 979 1180 1027 quesierunt
1208 983 1243 1016 &

213 1034 426 1071 ascenderunt
442 1035 536 1083 super
550 1046 695 1082 coggam
712 1034 855 1077 inferius,
873 1035 907 1068 &
926 1032 1088 1069 submersa
1105 1035 1150 1069 est
1166 1047 1242 1069 cum

214 1087 367 1124 omnibus
384 1089 420 1123 ὅ(
435 1099 576 1136 quatuor
600 1086 738 1122 barbote
759 1100 836 1122 cum
861 1100 910 1131 ea,
934 1088 969 1122 &
987 1086 1027 1122 fic
1044 1086 1244 1134 nequiebant

213 1141 336 1181 flumen
355 1140 492 1178 transire.

262 1196 316 1231 Vi.
335 1195 388 1231 Ad
411 1195 471 1231 hec
497 1195 653 1243 applicuit
674 1194 829 1230 dominus
847 1195 973 1242 legatus
992 1207 1068 1230 cum
1096 1196 1243 1243 principe

109 1258 167 1288 εις
179 1258 200 1280 b.
214 1250 452 1293 Romanorum,
474 1247 598 1292 videns,
627 1247 718 1295 quod
742 1261 810 1284 non
835 1247 1035 1284 habebamus
1057 1261 1173 1284 terram
1191 1248 1244 1284 fir-

215 1315 316 1347 mam,
334 1301 398 1350 [&]
417 1300 571 1337 tenebant
592 1314 653 1336 nos
670 1314 731 1349 pro
750 1302 895 1349 captivis.

262 1356 329 1396 Vn.
356 1353 576 1391 Confiderans
609 1367 687 1390 vero
720 1367 774 1389 rex
808 1354 933 1402 Egypti,
967 1354 1060 1402 quod
1095 1368 1156 1391 nec
1186 1369 1246 1403 per

216 1422 348 1457 aquam,
377 1421 438 1444 nec
459 1407 628 1443 manendo
650 1408 682 1442 in
706 1406 817 1442 sabulo
840 1409 883 1442 eis
906 1419 1025 1443 nocere
1046 1420 1245 1456 poteramuS,

217 1462 376 1510 cogitavit
398 1473 459 1496 nos
478 1460 612 1508 perdere
629 1461 664 1495 &
685 1461 823 1495 armavit
838 1472 899 1495 xxx
919 1460 1028 1508 galeas
1045 1462 1080 1496 &
1105 1462 1138 1497 in
1162 1474 1245 1509 quo-

217 1514 295 1550 dam
321 1513 374 1550 die
406 1514 526 1556 Martis,
557 1514 590 1548 in
616 1513 697 1548 festo
718 1513 804 1548 Beati
821 1512 979 1559 Dionysii,
1003 1513 1085 1549 misit
1103 1515 1246 1550 cursores
1261 1524 1343 1546 Odob.
1356 1532 1377 1553 9.

218 1568 318 1614 usque
335 1567 377 1603 ad
396 1566 536 1602 tentoria
552 1567 672 1602 nostra.

265 1621 345 1656 Vm.
369 1619 524 1667 Cumque
543 1619 670 1656 clamor
687 1618 877 1655 ascendisset
895 1620 928 1654 in
947 1619 1057 1664 castra,
1075 1620 1247 1656 Christiani

219 1672 324 1710 subito
344 1673 374 1707 se
387 1684 594 1708 armaverunt
606 1673 640 1707 δι
654 1684 811 1719 tanquam
826 1672 934 1720 angeli
951 1674 1139 1708 catervatim
1157 1673 1248 1709 ibant

218 1738 276 1774 per
293 1724 453 1770 sabulum,
471 1737 531 1761 nec
545 1737 686 1760 mortem
697 1737 758 1773 pro
772 1724 889 1760 Christi
903 1725 1049 1770 nomine,
1064 1738 1124 1761 nec
1143 1727 1247 1763 iacula

219 1778 444 1823 formidantes,
461 1779 496 1812 ἃ
511 1777 666 1813 dominus
680 1778 817 1826 legatus,
834 1789 970 1825 portans
984 1790 1115 1814 crucem
1128 1780 1160 1814 in
1180 1793 1247 1815 ma-

218 1830 312 1868 nibus
331 1831 404 1875 suis,
422 1842 510 1866 nunc
524 1830 651 1875 militm,
670 1843 757 1866 nunc
769 1829 895 1878 pedites
908 1830 1068 1866 exhortati
1083 1844 1150 1866 non
1167 1830 1247 1867 defi-

218 1883 317 1920 nebat
343 1883 385 1919 ad
416 1882 607 1931 obsequium
637 1883 801 1927 Crucifixi,
827 1885 861 1919 ὅ(
891 1882 994 1918 subito
1011 1885 1185 1921 innovatus
1205 1885 1249 1919 est

219 1938 325 1974 versus
340 1935 528 1979 Davidicus,
549 1936 641 1983 quod
654 1951 728 1973 unus
742 1939 841 1972 decem
854 1938 942 1973 milia
951 1939 1087 1984 fugabat
1099 1940 1133 1983 (1
1151 1939 1248 1982 Sam,

219 2000 327 2034 XVIII,
343 1991 394 2037 7),
412 1991 446 2025 &
467 2002 536 2024 non
553 1989 659 2025 solum
675 1990 792 2027 milites
818 1990 938 2025 mortui
959 1990 1041 2034 sunt,
1060 1990 1114 2026 sed
1132 2004 1248 2026 omnes

220 2044 276 2088 illi,
296 2043 351 2090 qui
369 2055 525 2078 venerant
551 2044 583 2077 in
604 2043 704 2091 galeis
721 2044 754 2078 ἃ
779 2041 921 2078 berbotis
946 2043 979 2077 in
1007 2056 1103 2090 aqua,
1128 2045 1247 2078 mortui

222 2096 305 2140 sunt,
336 2095 493 2144 sanguine
517 2108 659 2142 quorum
678 2108 763 2142 aqua
781 2094 921 2130 fluminis
942 2094 1026 2130 adeo
1050 2096 1167 2131 infeela
1194 2096 1247 2141 est,

1119 2158 1148 2181 1⁶
