1624 2788
545 210 584 236 IN
602 209 801 236 OBSIDIONE
818 209 1016 236 DAMIATE.
1230 210 1296 249 147

269 318 407 365 quidam
423 319 627 367 Paganorum
647 317 741 366 super
760 330 877 358 omnes
894 330 1045 366 magnus,
1074 318 1130 365 qui
1146 317 1295 366 probiffi-
1314 331 1371 354 1218

270 385 363 406 mum
373 371 543 407 hominem
556 372 591 406 δ(
603 371 740 406 militem
751 371 950 414 Romanum,
965 371 1102 406 nomine
1118 371 1296 406 Nicolaum

270 424 311 459 de
329 425 485 469 Antonia,
504 423 634 459 occidit.
663 422 769 471 Qod
786 422 900 459 videns
920 437 974 459 rex
993 424 1161 470 lohannes,
1179 423 1296 460 dolore

233 515 235 518 Α
268 479 360 527 gravi
382 477 570 523 stimulatus,
595 478 652 513 ivit
673 489 814 524 eumque
841 489 918 520 curn
944 477 1036 513 clava
1060 476 1245 526 percuffum
1261 479 1297 513 in

269 544 387 567 terram
410 532 548 579 proiecit
575 530 814 577 dekcstumque,
849 531 1043 566 consociatis
1070 530 1124 566 fibi
1150 531 1296 579 plurimis

267 584 464 630 Christianis,
480 583 611 620 occidit.

129 651 254 681 f01.1772.
315 638 357 674 X.
379 637 503 673 Videns
524 649 634 672 autem
651 651 705 672 rex
723 637 838 686 Egipti‚
864 637 957 684 quod
979 637 1110 673 fortuna
1127 638 1156 672 ei
1179 651 1296 674 nover-

267 703 395 728 caverat
412 691 510 736 mala,
527 692 562 725 &
579 691 668 726 Deus
686 689 857 738 pugnabat
872 703 935 738 pro
954 690 1060 735 nobis,
1078 691 1184 726 statuit
1200 692 1296 740 super

266 758 327 780 nos
354 757 423 780 non
441 744 580 791 amplius
598 745 633 778 in
654 743 789 792 publico
807 744 914 779 venire
936 743 1033 779 bello.
1059 745 1198 780 Munivit
1214 759 1295 794 ergo

266 799 370 847 ripam
387 796 529 832 fluminis
546 810 565 832 a
578 809 669 845 parte
687 797 795 832 nostra
809 798 981 844 posuitque
1001 796 1046 832 ibi
1064 797 1248 833 trabucetos
1261 800 1295 834 ὅ(

264 863 405 900 mangos
421 851 456 885 &
470 850 571 885 multa
589 850 699 895 castra,
717 849 759 884 de
776 850 872 898 lignis
890 850 986 895 faeta,
1013 849 1128 897 quibus
1146 851 1218 899 spes
1235 864 1294 886 no-

265 902 312 938 bis
339 902 480 939 intrandi
513 915 631 938 terram
655 903 760 951 Egipti
789 903 855 937 iam
883 903 942 938 fuit
966 903 1097 939 sublata.
1129 905 1223 939 Tunc
1252 904 1294 939 ad

262 957 358 992 instar
382 956 524 991 lraelitici
545 956 660 1004 populi
682 956 866 991 christianus
900 958 1055 992 exercitus
1083 959 1295 993 murmuravit

263 1022 377 1045 contra
395 1010 580 1044 Dominum
597 1010 786 1058 legatum&
797 1010 958 1058 principes
974 1009 1098 1045 dicens:
1109 1011 1194 1046 CUR
1203 1021 1293 1046 EDU=

262 1073 380 1098 XISTIS
404 1072 472 1098 NOS
497 1073 591 1108 HUC,
618 1072 671 1098 UT
698 1072 946 1099 MOREREMUR
971 1073 1011 1098 IN
1039 1074 1119 1099 HAC
1144 1074 1293 1100 SOLITU·

263 1119 377 1151 DINE.>
402 1118 458 1151 ΑΝ
476 1125 554 1151 NON
571 1126 707 1152 ERANT
724 1126 919 1152 SEPULCRA
942 1126 980 1152 IN
999 1126 1191 1153 PARTIBUS
1211 1127 1294 1152 NOS—

263 1172 370 1205 TRIS?
394 1169 519 1217 (Exod.,
538 1177 614 1214 XIV,
647 1171 780 1215 11-12.)
805 1173 879 1205 Ecce
899 1174 949 1205 hic
958 1175 1023 1219 fine
1045 1173 1123 1206 bello
1148 1175 1292 1208 morimur

262 1225 293 1259 δ’
308 1228 387 1271 ficut
409 1237 496 1258 canes
515 1227 545 1258 in
558 1224 670 1270 sabulo
679 1224 846 1270 sepelimur
859 1227 871 1259 !

309 1277 362 1312 X1.
379 1275 433 1311 Ad
450 1276 510 1311 hec
528 1278 672 1324 precepit
689 1275 843 1311 dominus
860 1277 996 1326 legatus,
1020 1277 1206 1313 triduanum
1224 1279 1293 1315 fieti

262 1333 419 1367 ieiunium
436 1332 533 1366 &ire
551 1330 751 1366 discalciatos
778 1330 821 1366 ad
847 1345 955 1367 veram
978 1334 1012 1367 &
1038 1332 1200 1368 vivificam
1223 1347 1293 1369 cru-

262 1399 345 1431 cem,
364 1398 399 1420 ut
417 1385 480 1430 ille,
503 1385 559 1432 qui
578 1385 611 1419 in
631 1398 670 1420 ea
685 1384 854 1433 pependit,
876 1385 1060 1422 ostenderet
1079 1386 1174 1422 nobis
1191 1387 1292 1431 viam,

262 1452 320 1487 per
347 1451 447 1486 quam
474 1451 571 1474 naves
595 1439 848 1486 imponeremus.
877 1440 1042 1487 Inspiravit
1065 1452 1175 1475 autem
1202 1441 1291 1475 Deus

262 1491 428 1540 quendam
446 1491 626 1535 hominem,
653 1493 709 1538 qui
731 1491 857 1527 acceffit
879 1492 922 1527 ad
949 1493 1122 1528 dominum
1146 1494 1291 1541 legatum

260 1548 295 1582 &
312 1545 390 1580 dixit
413 1546 457 1579 ei:
484 1547 626 1588 Domine,
648 1549 724 1580 mihi
756 1548 932 1593 inspiratum
954 1550 1003 1592 eft,
1025 1549 1171 1592 quomodo
1183 1550 1291 1593 facia-

260 1613 336 1643 mus,
354 1612 386 1634 ut
402 1611 490 1633 naves
508 1601 694 1644 imponantur
712 1599 806 1644 illese.
831 1598 1042 1647 Respondens
1066 1612 1174 1635 autem
1201 1601 1291 1650 lega-

260 1665 310 1688 tus
327 1652 407 1687 dixit
423 1653 485 1686 eis:
505 1653 596 1697 Qod
618 1653 677 1686 tibi
697 1653 855 1686 revelatum
873 1656 921 1698 est,
931 1655 989 1698 fac
998 1658 1063 1701 fine
1085 1668 1167 1688 mora
1181 1658 1193 1688 J
1221 1655 1290 1703 Qi

260 1706 365 1741 statim
382 1717 500 1740 terram
515 1704 708 1741 mensuravit
720 1706 754 1739 &
772 1718 829 1752 per
847 1705 993 1740 medium
1011 1707 1166 1741 exercitus
1184 1708 1290 1744 statuit

260 1757 386 1808 grande
398 1757 467 1793 fieri
485 1756 649 1803 foffatum‚
666 1757 709 1793 ad
724 1758 814 1805 quod
835 1759 1022 1794 faciendum
1040 1760 1166 1808 legatus
1184 1763 1218 1796 &
1236 1776 1289 1797 rex

259 1814 295 1847 &
311 1825 426 1847 omnes
456 1812 508 1857 alij
535 1812 696 1860 principes
724 1814 897 1860 cune‘lique
928 1813 1034 1848 clerici
1060 1814 1094 1848 &
1117 1814 1191 1849 laici
1212 1828 1287 1851 cum

261 1864 399 1900 fofforiis
416 1867 450 1900 in
467 1864 664 1900 adiutorium
683 1878 904 1909 cucurrerunt,
916 1867 950 1900 &
967 1867 1033 1900 cito
1052 1867 1173 1902 saecum
1191 1868 1244 1903 est.

307 1919 373 1954 X11.
401 1919 490 1954 Cum
513 1931 622 1954 autem
640 1917 745 1954 fuiffet
763 1918 915 1954 foffatum
934 1919 1124 1967 perfee‘tum‚
1153 1922 1289 1969 qualiter

260 1985 318 2020 per
334 1972 437 2020 ipsum
454 1972 528 2007 vasa
554 1972 660 2007 nostra
677 1973 931 2020 imponeremus,
956 1986 1024 2007 non
1043 1973 1288 2010 inveniebamus

262 2023 441 2071 consilium3
459 2038 560 2072 quam
580 2038 718 2073 magnus
733 2038 799 2060 erat
816 2025 909 2060 labor
925 2026 991 2062 ille!
1011 2027 1040 2060 Α
1057 2025 1191 2063 flumine
1199 2028 1287 2063 enim

262 2078 362 2126 usque
379 2091 418 2114 ac
435 2077 557 2114 flumen
576 2077 831 2127 protendebatur
851 2078 1012 2115 fofl’atum.
