1624 2788
83 1629 90 1635 .
100 1620 122 1644 p.
135 1612 200 1643 1098.

53 1663 92 1688 ΙΙ.
101 1663 119 1688 f.
129 1665 158 1695 ⁶5
170 1663 200 1687 D.

497 214 703 240 OBSIDIONIS
728 215 926 241 DAMIATE.
1173 220 1185 242 1
1190 220 1214 243 0
1221 219 1234 243 1

213 336 344 368 norum,
361 322 490 358 auribus
502 324 537 358 &
549 321 680 358 naribus
693 335 770 358 cum
782 321 874 358 labiis
888 324 923 358 δε
934 321 1071 358 brachiis
1085 326 1239 360 truncatis
1255 343 1314 367 1219

214 378 249 412 &
266 389 334 412 uno
352 376 451 412 oculo
474 378 628 421 emach,
650 387 725 411 ante
750 377 941 411 Sarracenos
958 376 1038 411 miffi
1056 377 1128 413 sunt
1145 391 1239 425 quat-

214 443 298 466 tuor.
319 430 411 465 Alios
429 441 584 477 quattuor
596 427 638 464 fic
654 441 819 464 truncatos
834 429 988 464 miserunt
1003 430 1036 465 in
1055 431 1239 478 civitatem3

214 483 383 520 Sarraceni
395 495 499 518 unum
515 481 557 518 de
570 482 756 519 Christianis
769 484 813 518 ita
827 494 1012 519 truncatum
1029 484 1181 520 miserunt
1197 484 1240 520 ad

215 536 427 573 Chriffianos.

263 590 408 626 XXXIX.
422 592 457 625 ln
471 589 523 625 die
532 602 610 624 vero
622 590 731 625 saneti
743 590 964 626 Bartholomei
978 591 1164 634 Christiani,
1178 591 1240 626 vir·
1253 600 1313 629 Auz-
1324 606 1362 629 24-

215 655 283 678 tute
296 644 435 678 Domini
450 643 633 691 instigante,
658 643 776 678 cochas
797 644 832 678 &
850 643 961 692 galeas
975 651 984 667 ¹
998 655 1204 680 armaverunt
1225 651 1240 667 ²

214 697 249 731 &
261 702 273 726 3
285 694 432 741 barchas,
449 695 483 730 in
502 694 619 742 quibus
637 707 727 730 erant
748 696 830 731 scale
847 695 890 731 ad
910 696 1113 744 preliandam
1131 698 1240 733 civita-

215 761 292 794 tem,
309 750 344 784 &
355 760 491 796 propter
506 749 701 783 currentiam
713 747 854 783 fluminis
867 762 937 784 non
951 752 1240 810 appropinquave-

214 813 287 837 runt
303 802 432 837 civitati.
459 801 521 837 Sed
538 815 597 850 per
614 800 796 849 iuperbiam
813 802 971 850 peditum,
994 804 1050 851 qui
1077 802 1240 849 dicebant,

213 855 375 904 principes
387 857 422 890 &
434 855 550 890 milites
565 853 629 890 effe
642 854 837 902 proditores,
860 858 894 891 &
908 855 984 891 ideo
995 863 1011 885 4
1029 869 1098 891 non
1120 870 1240 905 appro-

213 909 374 956 pinquant
387 908 519 952 civitati,
533 907 670 956 predisti
685 907 808 955 pedites
821 915 833 939 5
847 908 1094 945 murmurabant
1107 912 1142 945 &
1155 910 1240 947 dice—

212 959 303 1005 bant,
322 959 414 1008 quod
425 961 540 996 milites
555 973 626 996 toto
641 973 790 1008 tempore
805 975 862 997 eos
873 961 943 997 ⁶ibi
964 975 1074 998 tenere
1084 963 1241 1000 volebant

213 1013 361 1049 nolentes
389 1027 466 1049 cum
495 1015 628 1062 Paganis
655 1027 815 1062 pugnare,
854 1028 915 1050 nec
941 1028 1018 1050 cum
1045 1017 1090 1051 eis
1118 1015 1240 1053 bellum

213 1078 383 1115 temptare,
411 1066 500 1101 unde
526 1067 642 1102 milites
667 1066 828 1115 indignati
851 1081 928 1103 cum
953 1069 1087 1117 Paganis
1112 1069 1240 1117 preliari

212 1121 395 1156 statuerunt.
413 1121 558 1155 Gentem
572 1133 706 1167 quoque
724 1133 839 1155 eorum
855 1121 889 1156 in
907 1134 968 1156 tres
982 1122 1155 1158 diviserunt
1168 1136 1240 1170 par-

215 1186 271 1217 tes,
295 1186 360 1208 una
377 1172 522 1220 quidem,
548 1186 613 1220 que
631 1186 788 1233 campum
804 1174 963 1210 custodire
981 1174 1132 1220 debebat,
1145 1183 1158 1204 ⁷
1179 1176 1241 1212 alia

213 1239 272 1286 per
288 1226 300 1249 ⁸
321 1225 463 1261 fluminis
489 1239 611 1274 aquam
636 1227 693 1271 ire,
706 1233 720 1256 9
742 1227 840 1262 altera
858 1240 916 1275 per
940 1227 1108 1264 sablonem
1126 1241 1239 1265 contra
1282 1260 1284 1264 ,

212 1280 364 1315 immicos
380 1292 516 1328 pergere
528 1286 555 1302 ¹0
568 1278 719 1315 debebat.

260 1333 323 1368 XL.
350 1335 384 1367 ln
406 1331 460 1367 die
485 1333 722 1368 Decollationis
747 1333 855 1368 Sane’ri
881 1334 1030 1370 Iohannis
1054 1336 1237 1384 Baptiste,¹¹
1253 1348 1312 1377 Aug.
1323 1354 1360 1377 29.

212 1399 276 1434 que
289 1399 365 1421 cum
378 1386 587 1431 lachrymis¹²
597 1389 631 1422 δε
649 1387 811 1434 plorando
826 1387 982 1434 scribitur,
995 1389 1055 1424 fuit
1068 1390 1157 1424 enim
1172 1389 1239 1425 dies

211 1439 265 1475 illa
282 1439 351 1475 dies
364 1441 422 1483 ire,
441 1439 632 1475 calamitatis
649 1442 683 1475 &
701 1441 836 1486 miserie,
851 1441 918 1477 dies
932 1443 1045 1477 mortis
1056 1450 1081 1473 ¹3
1095 1444 1129 1478 ὅ(
1146 1444 1239 1490 pesti-

211 1493 318 1538 lentie,
329 1493 397 1529 dies
404 1493 552 1529 lividiosa
563 1501 592 1523 ¹4
601 1496 636 1529 δε
648 1493 744 1530 valde
755 1501 781 1525 ¹⁵
793 1508 903 1530 amara
912 1495 1108 1532 Christianis.
1121 1497 1239 1531 Domi-

212 1559 273 1581 nus
300 1547 434 1594 quidem
458 1547 582 1596 legatus
607 1549 642 1582 &
668 1561 722 1584 rex
746 1548 938 1594 lerosolyme
955 1550 990 1584 &
1007 1550 1188 1597 patriarcha
1205 1552 1240 1585 &

213 1600 265 1645 alij
279 1613 394 1636 omnes
403 1601 494 1637 ¹⁶viri
505 1599 632 1636 nobiles
648 1602 682 1636 δε
695 1613 846 1649 potentes
859 1602 1118 1638 Christianorum
1131 1616 1239 1651 popu-

211 1653 327 1689 larium
348 1666 479 1689 rumore
500 1655 663 1690 commoti
686 1656 721 1689 &
738 1654 866 1699 turbati,
887 1662 914 1683 ¹7
939 1657 1039 1690 etiam
1056 1657 1137 1691 iram
1162 1658 1196 1691 &
1212 1658 1238 1680 ¹⁸

212 1706 384 1756 perfidiam
396 1714 424 1737 ¹⁹
437 1720 552 1742 eorum
566 1707 661 1743 valde
678 1709 839 1753 timentes,
868 1710 984 1744 armati
1003 1711 1037 1744 &
1062 1709 1239 1745 asclerati²0

251 1830 260 1845 ι
279 1820 307 1846 Ρ.
316 1821 394 1846 add..-
409 1821 432 1846 δι
447 1821 559 1848 barchas.
573 1837 608 1841 —
621 1832 636 1848 z
650 1823 675 1848 Ρ.
691 1823 767 1849 add..-
779 1824 803 1849 δε
816 1823 874 1849 viris
886 1825 1049 1859 prudentibus
1068 1835 1109 1851 eas
1123 1835 1238 1860 prepara-

212 1865 308 1886 verunt.
329 1860 377 1885 Sed
394 1866 496 1895 propter
509 1861 618 1887 fluminis
637 1862 827 1889 inundationem
840 1864 872 1889 ad
891 1865 972 1890 menia
985 1865 1092 1891 civitatis
1106 1866 1239 1900 appropin-

212 1908 289 1933 quare
303 1899 404 1926 minime
418 1907 543 1935 poterant.
562 1916 595 1921 —
613 1910 624 1934 3
643 1903 669 1928 P.
684 1911 727 1928 om.
740 1904 773 1928 ab
786 1905 809 1929 δι
822 1904 897 1938 usque
910 1907 1107 1931 murmurabant.
1120 1921 1154 1925 —--
1168 1916 1185 1938 4
1198 1908 1236 1933 Μ.

211 1939 343 1966 &dicunt.
366 1955 402 1959 —
426 1949 438 1973 5
463 1941 489 1966 P.
508 1941 587 1967 add.·
599 1942 632 1967 Et
644 1948 707 1968 tunc
727 1943 822 1977 pedites
836 1943 1031 1970 Christianorum
1055 1945 1167 1980 superbia
1180 1946 1237 1972 elati

211 1987 301 2005 murm.
317 1995 352 1998 —
369 1982 384 2005 6
398 1980 423 2006 Ρ.
434 1989 478 2006 om.
492 1995 526 1999 ——
541 1990 555 2012 7
570 1982 595 2007 P.
609 1981 680 2015 legit.-
691 1991 808 2017 campum
823 1984 937 2010 custodit.
950 2000 985 2004 —-
1000 1988 1013 2010 8
1029 1986 1053 2011 Ρ.
1066 1995 1109 2011 om.
1123 2001 1157 2005 —
1178 1996 1192 2018 9
1209 1988 1234 2012 P.

210 2027 254 2045 om.
267 2033 300 2038 —
319 2029 349 2044 ιο
370 2020 396 2045 P.
414 2028 516 2054 pergere
529 2028 616 2047 contra
635 2022 756 2049 inimico&
777 2039 812 2042 —
835 2033 861 2049 ιι
880 2025 906 2050 P
919 2034 964 2050 om.
982 2040 1012 2044 —-
1029 2035 1059 2051 12
1074 2026 1099 2051 P.
1113 2025 1236 2060 lacrymis.

210 2074 244 2078 —
260 2067 289 2090 ¹3
306 2060 330 2085 Ρ.
346 2059 440 2085 martis.
455 2075 490 2079 —
503 2069 534 2091 ¹4
548 2061 575 2086 P.
590 2061 707 2088 luetuosa.
723 2078 756 2082 —
773 2073 802 2096 15
817 2064 854 2090 M.
870 2073 956 2090 amara
969 2065 1047 2090 valde.
1061 2080 1096 2084 —-
1112 2068 1142 2099 ¹.⁶
1156 2067 1179 2091 P.
1193 2075 1237 2092 om,

212 2113 244 2120 -
259 2108 288 2132 ¹7
305 2100 328 2126 P.
340 2101 403 2128 add.
416 2100 449 2127 &-
462 2115 495 2119 —
513 2103 541 2126 18
556 2101 580 2127 P.
594 2103 656 2129 add.
675 2118 708 2123 —
726 2112 754 2138 ¹9
769 2104 806 2131 M.
817 2103 944 2140 perfidam.
966 2119 997 2126 ν-
1016 2115 1048 2133 20
1061 2105 1096 2132 M.
1108 2106 1235 2133 ascherati.
