1624 2788
49 673 84 703 3.,
94 682 116 704 p.
126 681 180 704 223,
191 682 210 697 c.
224 681 244 698 1.

26 1387 68 1418 V.,
78 1387 95 1411 f.
109 1394 132 1418 3,
142 1390 174 1417 πθ,
183 1396 203 1411 c.
217 1394 236 1412 ι.

451 235 757 262 CRUCIGERORUM
782 234 1065 261 RHENANORUM.
1237 234 1256 274 3
1266 238 1277 261 1

260 346 314 382 Ad
328 346 389 382 hec
400 347 516 395 prefati
526 348 673 391 comites,
687 345 820 382 confilio
835 360 911 382 cum
924 346 1065 382 discretis
1073 347 1147 383 viris
1157 346 1282 392 habito,
1298 368 1365 391 1217,

261 400 417 436 discentes
430 408 440 424 ¹
461 402 559 436 etiam
583 414 603 436 a
620 402 734 446 nautis,
761 401 944 436 iuramento
961 399 1174 445 firmantibus,
1195 401 1283 436 viam

261 455 356 489 maris
374 467 413 489 ex
426 467 539 489 natura
553 455 720 502 temporis,
741 454 813 488 suos
826 466 942 489 ventos
959 453 1144 497 habentem,
1161 454 1204 488 eis
1221 453 1282 489 effe

260 507 449 555 preclusam,
466 509 500 542 &
529 508 754 556 presenciam²
774 520 888 542 eorum
914 508 1011 542 Terre
1034 508 1150 543 Sandie
1176 509 1281 542 minus

261 561 331 595 fore
348 561 471 604 utilem,
499 562 638 595 maxime
663 573 737 595 cum
760 561 984 595 Romanorum
1004 574 1058 595 rex
1075 562 1109 595 &
1127 561 1280 604 Romani,

259 626 336 649 cum
361 614 468 649 multis
497 613 696 661 principibus
725 613 918 648 Alcmannie
949 613 1013 647 hoc
1039 626 1187 662 tempore
1212 627 1280 649 non

259 665 433 702 transirent.
450 667 619 716 Elegerunt
644 667 752 714 itaque
776 666 887 701 medio
906 679 1053 714 tempore
1070 668 1103 702 in
1123 666 1280 714 obsequio

258 719 370 756 divino
385 719 539 755 desudare
552 722 586 755 &
597 721 804 754 inimicorum
818 719 895 755 fidei
908 719 988 754 fines
1000 719 1165 765 invadere,
1181 733 1281 767 quam

256 774 344 821 apud
361 773 473 809 locum
497 774 639 821 aliquem
657 773 853 821 quiescendo
881 786 1039 821 tanquam
1056 774 1136 810 servi
1152 774 1280 809 inutiles

256 828 332 862 ocio
352 840 478 862 vacare.

291 879 355 917 ,Ab
365 880 429 916 hoc
438 893 546 915 tamen
561 888 572 910 ³
587 880 757 929 proposito
771 879 979 915 discordabat
986 880 1172 916 Werdenfis
1181 879 1279 916 abbas

254 934 289 968 &
301 946 417 968 omnes
435 934 500 969 fere
513 934 651 969 frisones
665 936 699 969 &
712 935 817 969 eciam
831 934 966 981 quidam
980 934 1043 979 alij,
1061 935 1116 981 qui
1130 935 1279 982 proxima

254 987 337 1022 sexta
358 987 435 1022 feria
453 987 525 1035 post
546 988 661 1022 festum
686 987 771 1022 beati
790 986 897 1022 lacobi
914 987 956 1022 ad
974 987 1183 1023 Ulixibonam
1203 1001 1279 1022 cum
1291 995 1381 1019 lul-28.

254 1041 424 1088 ofloginta
451 1039 583 1075 navibus
608 1041 660 1076 vel
692 1041 791 1088 paulo
816 1041 888 1089 plus
915 1039 1117 1085 recesserunt,
1143 1042 1177 1076 ὃ(
1202 1040 1279 1076 ficut

252 1094 364 1142 postea
381 1107 439 1141 per
455 1093 606 1128 effeRum
623 1095 738 1142 patuit,
759 1094 843 1129 solus
865 1107 903 1128 ex
921 1095 965 1128 eis
983 1107 1023 1129 eo
1042 1106 1192 1143 tempore
1209 1107 1278 1129 non

253 1147 484 1192 transstetavit3
513 1147 607 1182 multi
631 1154 768 1183 tamen⁴
786 1146 906 1183 nebula
932 1146 1086 1195 palpabili
1111 1149 1213 1184 cecati
1236 1150 1279 1185 ad

252 1213 385 1248 portum
415 1200 553 1248 Algazer
572 1207 583 1230 5
604 1213 711 1248 pretet
746 1200 947 1249 propositum
980 1201 1071 1236 inviti
1104 1214 1180 1237 cum
1209 1204 1277 1238 aliis

250 1253 485 1302 applicuerunt.

304 1384 337 1417 H.
358 1385 408 1418 ‘De
424 1386 571 1432 obsidione
587 1387 675 1430 castri
691 1385 828 1431 cAlga‘ger
845 1383 876 1418 δ’
887 1397 992 1430 pugna
1009 1385 1119 1418 ibidem
1128 1386 1230 1430 fac‘ia.

302 1493 419 1529 Tercio
436 1494 533 1543 igitur
544 1494 558 1516 ⁶
570 1494 721 1529 calendas
735 1494 870 1542 Augusti
884 1494 982 1529 aiam
999 1493 1091 1529 distis
1104 1493 1277 1530 comitibus
1289 1505 1330 1529 1111.
1344 1513 1381 1537 30.

253 1544 364 1581 obseff
361 1560 416 1582 um
428 1548 471 1582 est
487 1547 635 1592 castrum,
654 1547 745 1595 quod
758 1548 791 1582 in
806 1546 978 1582 dulcedine
992 1559 1072 1582 terre
1085 1548 1178 1595 super
1195 1549 1276 1584 mul-

249 1599 387 1635 titudine
409 1601 545 1648 piscium
566 1614 605 1635 ac
630 1601 769 1636 ferarum
786 1601 830 1636 est
850 1599 953 1644 situm,
973 1613 1035 1635 nec
1050 1607 1063 1629 7
1085 1601 1186 1650 longe
1203 1602 1275 1649 post

249 1651 451 1688 advenerunt
468 1667 526 1702 per
543 1666 660 1689 terram
679 1654 796 1701 prefati
816 1654 960 1701 episcopi
977 1666 1052 1688 cum
1073 1667 1197 1703 magno
1217 1667 1273 1689 co-

248 1706 362 1741 mitatu
381 1708 415 1741 δε
434 1706 547 1742 fratres
565 1706 606 1741 de
623 1706 746 1742 Gladio
773 1719 848 1741 cum
874 1706 942 1742 aliis
968 1706 1141 1752 nobilibus,
1159 1708 1274 1756 imple-

248 1771 349 1807 toque
383 1760 531 1807 protinus
571 1758 702 1805 fossato,
741 1761 949 1795 instrumenta
973 1760 986 1782 ⁸
1011 1759 1125 1795 bellica
1160 1773 1274 1798 contra

248 1825 358 1847 muros
379 1813 450 1848 sunt
468 1815 592 1858 ere61a3
607 1819 621 1842 9
638 1812 836 1848 accesserunt
853 1812 999 1858 fossores,
1018 1825 1052 1848 ut
1068 1826 1179 1848 muros
1196 1813 1274 1849 deii-
1319 1832 1322 1836 ’

247 1877 366 1909 cerent,
394 1867 428 1901 &
445 1866 610 1901 Sarraceni
628 1880 646 1901 e
664 1867 827 1902 contrario
849 1866 1008 1902 fodientes
1029 1867 1154 1902 nostros
1170 1868 1273 1916 impe-

247 1917 390 1954 diebant.
423 1922 575 1955 Attamen
606 1931 673 1955 tam
702 1919 832 1955 illorum
863 1933 963 1967 quam
995 1920 1128 1955 istorum
1160 1919 1273 1957 labore

247 1972 370 2007 circum
405 1971 518 2007 festum
555 1972 693 2020 apostoli
723 1973 941 2008 Bartholomei
971 1986 1009 2008 ex
1038 1973 1174 2009 turribus
1207 1988 1271 2010 una
1284 1983 1346 2012 Aug.
1357 1989 1394 2013 ²4·

285 2082 294 2098 ι
310 2073 336 2098 Β.
352 2073 504 2099 discedentes
515 2089 549 2093 —-
566 2084 579 2100 2
593 2075 620 2100 B.
624 2074 729 2108 supplet.
798 2076 920 2110 Algazor.
932 2091 968 2095 —
986 2078 1000 2101 ⁶
1015 2077 1039 2101 B.
1047 2075 1152 2110 supplet.
1167 2090 1200 2095 —-
1215 2085 1229 2107 7
1241 2076 1269 2101 V.

246 2127 281 2132 —
295 2122 308 2145 3
326 2114 353 2139 V.
365 2120 426 2140 tum.
438 2128 470 2133 —
482 2123 499 2145 4
511 2115 542 2139 V.
553 2121 616 2140 tum.
627 2128 659 2134 —
671 2125 683 2148 5
695 2116 723 2141 V.
790 2122 824 2142 ut.
837 2131 869 2136 —
881 2119 895 2142 8
908 2118 934 2141 V.
945 2116 1066 2142 insti-ufta.
1078 2131 1112 2135 -—
1122 2117 1174 2150 9V.
1185 2116 1269 2142 eiefila.
