1624 2788
325 219 348 256 6
727 227 943 254 oRmNACIo

324 339 472 385 oportuit
498 337 648 374 homines
671 338 766 381 mori,
793 336 836 373 fic
859 336 1014 386 opposito
1042 335 1146 372 modo
1164 349 1223 384 per
1239 337 1356 382 virum,

323 390 443 426 scilicet
462 390 584 426 [hesum
600 390 776 434 Christum,
795 393 850 438 qui
870 390 911 426 de
931 391 1076 436 muliere,
1103 390 1224 426 scilicet
1242 391 1354 436 Maria,

324 443 448 491 absque
466 444 706 479 coniunccione
732 444 875 488 masculi,
905 443 1062 479 debemus
1084 456 1199 479 omnes
1216 456 1275 492 per
1291 444 1356 479 Dei

324 499 470 545 graciam
487 498 595 533 vivere
612 499 647 532 &
663 496 782 532 habere
799 498 901 533 vitam
918 510 1074 532 eternam.
1096 500 1174 532 Item
1188 514 1195 532 :
1214 497 1288 532 Alia
1312 497 1356 533 est

323 552 434 596 raci03
460 564 519 599 per
545 552 668 586 costam
697 552 829 586 intravit
850 564 953 596 mors,
980 549 1068 598 quafi
1094 564 1152 598 per
1173 550 1282 595 Evam,
1300 565 1356 597 que

315 606 482 650 fadlafuit
494 607 531 640 de
543 608 621 649 costa
631 607 704 639 <Acie
711 605 859 649 (Geneil,
869 614 908 648 11,
919 616 956 639 21
973 604 1067 651 seq.),
1079 603 1122 639 fic
1134 618 1152 639 e
1166 605 1331 639 contrario
1342 610 1353 627 ¹

324 670 384 705 per
400 658 482 693 latus
496 659 572 702 vita,
591 659 667 705 quia
684 670 742 705 per
758 658 952 706 sanguinem
969 657 1098 702 Christi,
1126 658 1182 704 qui
1199 657 1296 692 exivit
1314 655 1356 691 de
1369 671 1393 694 A
1404 669 1420 692 f.
1431 669 1460 700 58
1472 677 1493 700 ι,
1504 678 1523 693 c.
1537 676 1559 693 ι.

322 711 422 746 latere
436 712 512 747 eius.
534 714 611 746 Item
625 728 633 747 :
651 712 707 746 Per
724 712 896 746 accionem
910 724 1009 756 mors,
1023 711 1099 758 quia
1112 723 1171 758 per
1184 710 1357 745 comestio-

323 777 412 809 nem,
442 763 484 799 fic
513 779 531 800 e
557 765 721 800 contrario
747 777 806 812 per
831 764 1014 812 paffionem
1043 764 1120 808 vita,
1149 764 1227 811 quia
1254 763 1356 811 paffio

323 818 443 853 Christi
458 819 492 853 in
511 831 606 853 cruce
623 817 749 853 induxit
766 819 877 854 vitam.

374 874 453 906 Item
471 888 478 906 :
509 872 563 907 Per
590 871 849 906 delectacionem
866 870 939 906 Ade
965 872 1000 905 &
1024 870 1085 906 Eve
1103 871 1136 906 in
1153 871 1357 908 comestione

322 925 417 972 pomi
434 938 534 968 mors,
564 923 605 959 fic
622 938 640 959 e
659 925 823 968 contrario
842 937 899 971 per
916 923 1170 959 amaritudinem
1187 924 1305 960 Christi
1321 927 1357 961 δε

323 978 424 1013 Marie
447 979 482 1013 in
509 991 605 1013 cruce
630 979 705 1014 vita.
735 980 835 1013 Item:
865 977 974 1012 Adam
997 978 1032 1012 &
1053 977 1115 1013 Eva
1134 977 1357 1014 comedebant

323 1043 474 1078 pomum,
489 1043 523 1066 ut
537 1030 629 1066 simul
646 1043 792 1066 tenerent
804 1043 923 1078 corpus
935 1032 969 1065 &
986 1031 1143 1076 animam,
1161 1032 1238 1078 quia
1255 1045 1356 1080 prop-

323 1096 370 1119 ter
387 1084 453 1119 hoc
477 1083 658 1119 comedunt
682 1084 843 1126 homines,
866 1096 901 1118 ut
925 1085 1046 1119 vivant.
1069 1083 1151 1132 Ergo
1178 1097 1255 1119 cum
1274 1098 1355 1120 con-

322 1138 418 1173 traria
437 1138 605 1173 contrariis
624 1150 784 1181 curentur,
801 1136 914 1172 debuit
932 1136 1096 1173 medicina
1113 1136 1175 1172 effe
1193 1150 1251 1185 per
1267 1151 1355 1174 mor—

323 1198 420 1236 tem2‚
439 1192 516 1238 quia
529 1205 588 1239 per
600 1190 792 1227 divisionem
807 1192 955 1239 corporis
972 1192 1007 1226 &
1020 1191 1144 1236 anime3
1162 1191 1245 1226 salus
1257 1192 1357 1240 igitur

322 1245 430 1279 nostra
447 1244 559 1280 debuit
577 1243 642 1280 esse
660 1258 718 1293 per
737 1257 888 1280 mortem.
916 1247 1016 1279 Item:
1034 1244 1123 1279 Mors
1141 1243 1357 1280 inducebatur

322 1311 380 1345 per
392 1299 498 1334 virum
508 1311 584 1333 cum
597 1311 747 1346 peccato,
762 1311 843 1346 ergo
853 1298 919 1333 vita
933 1296 1046 1333 debuit
1058 1296 1170 1332 induci
1185 1310 1242 1345 per
1250 1298 1356 1333 virum

323 1351 509 1386 existentem
523 1350 587 1386 fine
599 1364 736 1399 peccato
751 1351 824 1396 (Cf.
839 1352 947 1395 Rom,
965 1361 1000 1395 V,
1021 1361 1076 1398 143
1091 1360 1103 1385 1
1117 1350 1280 1395 Corinth„
1292 1362 1355 1396 XV,

325 1415 380 1447 22,
395 1409 469 1453 45).
487 1405 539 1440 llle
553 1418 645 1453 ergo,
659 1418 698 1439 ex
712 1418 779 1452 quo
795 1418 853 1452 per
866 1405 972 1452 ipsum
984 1402 1096 1439 debuit
1109 1402 1174 1439 effe
1188 1406 1355 1452 reparacio

322 1459 446 1506 generis
464 1458 609 1503 humani,
628 1471 696 1493 non
712 1458 819 1505 potuit
837 1456 902 1493 esse
916 1456 957 1492 de
974 1458 1135 1505 progenie
1149 1456 1222 1492 Ade
1239 1459 1273 1492 &
1291 1457 1355 1493 effe

322 1524 419 1559 purus
436 1512 551 1555 homo,
572 1512 648 1559 quia
671 1525 789 1546 omnes
808 1510 850 1546 de
868 1511 1030 1559 progenie
1053 1509 1138 1555 Ade‚
1156 1511 1212 1558 qui
1227 1511 1356 1547 fuerunt

322 1578 403 1612 pure
419 1565 579 1610 homines,
594 1564 808 1600 nascebantur
821 1577 898 1599 cum
912 1564 1064 1612 originali
1076 1576 1226 1612 peccato.
1242 1565 1355 1612 Opor-

322 1619 382 1653 tuit
407 1619 516 1667 igitur,
538 1619 643 1666 ipsum
665 1617 729 1653 effe
748 1619 859 1653 Deum
882 1619 917 1652 &
938 1617 1122 1662 hominem,
1145 1619 1179 1652 &
1197 1619 1355 1666 oportuit,

321 1672 425 1719 ipsum
442 1672 613 1707 hominem
630 1670 695 1707 effe
712 1671 753 1707 de
769 1685 889 1719 genere
903 1670 986 1715 Ade,
1002 1671 1089 1718 quia,
1108 1684 1148 1706 ex
1161 1684 1230 1718 quo
1244 1670 1356 1707 Adam

323 1724 469 1772 deliquit,
488 1724 615 1761 necesse
634 1726 692 1760 fuit
710 1725 856 1760 humano
875 1725 997 1773 generi,
1016 1723 1109 1771 quod
1135 1724 1187 1759 vel
1206 1725 1285 1772 ipse,
1303 1725 1356 1760 vel

322 1778 436 1825 aliquis
450 1777 491 1813 de
508 1779 569 1813 suis
587 1778 780 1813 satisfaceret
793 1791 855 1825 pro
873 1777 930 1812 illo
946 1776 1080 1821 dehf'm,
1099 1778 1185 1824 quia,
1203 1776 1224 1812 fi
1238 1778 1354 1825 aliquis

322 1832 425 1867 homo
439 1844 544 1867 novus
558 1844 717 1867 crearetur
730 1845 748 1866 a
762 1832 848 1875 Deo,
863 1831 920 1878 qui
935 1830 1107 1866 redimeret
1119 1843 1224 1878 genus
1237 1831 1353 1867 huma-

322 1898 414 1929 num,
436 1898 512 1920 tunc
531 1898 599 1920 non
618 1886 829 1920 restitueretur
846 1897 949 1932 genus
979 1884 1162 1919 humanum
1185 1883 1227 1919 ad
1251 1885 1354 1931 pristi-

323 1951 400 1973 nam
418 1937 610 1983 libertatem,
624 1940 699 1985 quia
723 1939 850 1985 semper
871 1950 1031 1972 teneretur
1049 1937 1192 1973 humana
1209 1950 1355 1973 creatura
1368 1953 1390 1974 A
1403 1952 1420 1975 f.
1431 1953 1459 1983 58
1468 1960 1490 1982 a,
1501 1959 1520 1975 e„
1532 1959 1555 1976 α.

322 1992 351 2027 ei
366 1991 500 2027 obedire
517 1994 551 2026 &
576 1993 704 2037 servite3
723 1992 870 2039 oportuit
887 2004 979 2039 ergo,
996 1991 1103 2038 ipsum
1115 1989 1179 2026 effe
1198 1991 1307 2026 Deum
1319 1993 1354 2027 δε

322 2045 494 2080 hominem
506 2047 540 2080 &
554 2044 595 2080 de
616 2046 776 2094 progenie
794 2044 876 2080 Ade.

362 2144 372 2162 1
388 2135 410 2161 A
424 2143 502 2170 erg05
517 2149 552 2154 —
566 2144 580 2160 2
593 2143 637 2170 per
651 2141 757 2161 mortem
774 2135 836 2160 add.
853 2135 881 2167 B,
894 2146 920 2164 α,

1619 295 1624 379 ᾗ

1618 496 1624 530 ι

1615 549 1624 599 Ξ
