1624 2788
80 1404 104 1427 Α
115 1402 132 1427 f.
143 1404 205 1435 621²,
215 1411 234 1426 t.
246 1411 268 1427 2.

512 218 562 243 DE
581 217 866 244 PREDICACIONE
891 219 916 244 S.
946 219 1087 245 CRUCIS.
1276 225 1318 261 19

340 328 436 362 Item:
449 326 612 362 Dominus
625 327 731 362 noster
742 326 890 376 pendens
903 328 938 362 in
951 340 1046 363 cruce
1060 327 1149 370 dixit,
1166 343 1184 359 α
1194 331 1218 364 S
1220 333 1281 366 icio
1298 347 1316 363 n

290 381 436 426 (loann.‚
446 390 526 425 XIX,
540 380 618 425 28);
632 379 724 416 sitivit
736 393 846 415 autem
854 380 944 425 illud,
959 394 1092 429 propter
1105 381 1198 429 quod
1207 383 1315 431 paffus

290 433 343 477 est,
356 432 410 468 sed
423 431 530 480 passus
543 433 587 468 est
595 445 730 481 propter
742 434 874 469 salutem
889 447 1110 482 peccatorum,
1122 435 1201 471 dicit
1216 438 1315 480 enim,

291 501 309 516 α
321 489 413 533 Qon
427 490 495 521 veni
507 500 611 521 vocare
623 489 714 532 iustos
724 486 783 531 sed
789 501 962 533 peccatores
978 503 996 519 υ
1011 488 1151 534 (Matth.‚
1171 499 1223 532 IX,
1246 491 1316 538 13).

288 539 391 574 Sitivit
406 552 486 588 ergo
500 539 632 574 salutem
650 551 862 587 peccatorum
877 542 912 575 ὃς
928 540 1036 576 adhuc
1053 555 1127 576 eam
1145 541 1216 577 sitit.
1241 544 1314 578 Sur-

287 604 344 640 gat
361 605 442 640 ergo
461 592 575 639 aliquis
592 594 626 627 &
643 591 698 627 det
714 593 745 627 ei
757 591 878 637 bibere,
896 594 961 629 hoc
978 595 1032 639 est,
1051 594 1166 630 offerat
1183 596 1313 632 Christo

287 647 321 680 ὅ(
343 657 462 693 corpus
484 647 518 680 &
539 646 698 691 animam3
725 645 820 682 valde
846 647 934 682 enim
959 648 1052 683 miser
1073 649 1107 682 &
1124 662 1238 684 avarus
1260 650 1315 693 est,

287 699 343 746 qui
365 698 508 735 Christus
525 697 645 734 ficienti
662 700 696 733 &
712 711 831 746 potum
853 702 975 747 petenti
994 713 1093 749 negat
1110 701 1196 737 dare.
1214 705 1312 738 Acci-

285 752 355 799 piat
379 765 459 800 ergo
482 753 516 787 in
541 752 678 787 humero
702 751 829 801 signum
851 753 960 789 saneie
985 755 1086 789 crucis
1111 756 1146 789 &
1168 754 1255 790 dicat
1279 757 1313 792 in

285 805 386 840 corde
404 806 480 840 suo:
496 804 581 850 Tibi,
594 806 749 849 Domine,
760 819 895 854 propter
911 821 965 843 me
978 808 1133 843 clamanti
1150 809 1312 857 meipsum

284 858 506 895 commendo!

334 914 429 947 Item:
443 912 570 957 Matth.,
581 922 701 957 XXVII,
718 929 734 944 υ
748 915 903 948 'Dederunt
917 916 946 948 ei
960 916 1058 948 vinum
1071 929 1135 950 cum
1141 918 1225 962 felle
1238 920 1313 951 mix-

283 979 344 1000 tum
369 966 411 1008 e),
442 981 506 1000 cum
527 970 668 1012 gustaret,
694 980 751 1001 non
772 968 847 1001 bibit
862 982 880 997 υ
908 967 999 1014 (34).
1026 968 1080 1002 Per
1098 970 1212 1004 vinum
1231 969 1299 1005 ibi¹

284 1017 468 1066 designatur
481 1032 675 1066 quecunque
685 1018 875 1064 deleezacio,
890 1035 906 1050 «
917 1023 1016 1054 vinum
1029 1025 1105 1055 enim
1120 1023 1245 1067 letificat
1258 1038 1310 1058 cor

283 1075 440 1106 hominis»
460 1072 602 1117 (psalm,
626 1082 704 1115 0111,
732 1071 800 1116 16),
818 1071 860 1107 fic
877 1085 958 1120 ergo
980 1072 1025 1108 ibi
1052 1074 1145 1109 datur
1162 1076 1310 1125 intelligi,

284 1124 387 1172 quod,
404 1124 425 1159 si
448 1124 505 1160 tibi
522 1138 541 1160 a
558 1125 673 1160 mundi
690 1126 856 1161 nativitate
875 1126 927 1161 vel
944 1125 1078 1161 diabolo
1100 1127 1218 1163 dantur
1234 1129 1312 1165 deli-

283 1179 332 1213 cie
349 1178 492 1213 carnales
509 1179 562 1215 vel
578 1179 743 1223 seculares,
761 1192 841 1226 quas
855 1179 995 1226 sequitur
1013 1181 1197 1216 amaritudo
1214 1184 1249 1217 &
1267 1184 1311 1218 eis

282 1232 389 1267 eciam
406 1232 584 1267 commixta
602 1232 656 1276 est,
683 1245 759 1266 cum
776 1233 949 1280 gustaveris
966 1246 1030 1277 eaS‚
1052 1246 1121 1269 non
1142 1234 1240 1270 debes
1258 1250 1310 1272 eas

282 1283 392 1320 bibere
407 1298 467 1320 nec
485 1286 519 1320 in
537 1286 580 1320 eis
595 1284 755 1326 balneare,
769 1284 846 1320 ficut
863 1299 982 1333 porcus
1003 1287 1131 1335 pinguis
1149 1289 1182 1323 in
1198 1289 1311 1324 fetenti

280 1338 360 1373 luto.
376 1338 440 1374 Sed
458 1337 588 1374 abiicias
606 1352 659 1373 eas
673 1340 708 1373 &
721 1339 860 1386 sequaris
876 1339 1052 1384 Christum,
1065 1340 1309 1389 redemptorem

281 1403 384 1435 tuum,
404 1392 496 1440 surge
513 1405 594 1439 ergo
611 1405 630 1426 a
644 1390 765 1427 deliciis
782 1393 817 1427 &
830 1405 921 1427 curre
934 1392 977 1427 ad
991 1406 1132 1439 crucem,
1150 1394 1237 1431 unde
1250 1409 1307 1444 pa-

279 1457 357 1479 nem
370 1445 507 1492 accipies
520 1445 584 1480 vite
601 1444 740 1493 (loann.‚
758 1455 806 1488 VI,
821 1447 887 1493 483
904 1456 986 1490 XXI,
1012 1451 1080 1495 13).
1101 1464 1119 1479 a
1130 1451 1239 1496 Surge,
1258 1455 1309 1497 qui

277 1499 402 1542 dormis,
414 1513 431 1528 ι)
451 1499 514 1532 &c.
533 1497 670 1545 (Ephes,
688 1508 725 1541 v,
752 1502 822 1546 14).

324 1553 402 1585 {tem
419 1567 427 1586 ε
444 1551 560 1585 Porcus
587 1550 733 1586 comedit
755 1550 911 1599 glandem
938 1554 972 1586 &
994 1566 1164 1600 nunquam
1185 1555 1306 1591 sursum

277 1604 404 1652 respicit
422 1603 464 1638 ad
481 1617 649 1651 quercum,
666 1617 686 1639 a
703 1617 768 1651 qua
786 1603 884 1639 habet
907 1605 1074 1652 glandem,
1097 1607 1152 1642 sed
1178 1609 1306 1657 semper

277 1656 391 1691 oculos
413 1657 486 1691 suos
505 1658 540 1691 δε
561 1670 598 1691 os
623 1657 715 1692 suum
737 1657 810 1706 figit
835 1658 868 1692 in
900 1670 1036 1703 terram3
1065 1658 1106 1695 fic
1131 1662 1166 1695 &
1191 1663 1304 1708 malus,

277 1710 425 1757 quamvis
443 1710 556 1744 omnia
580 1709 669 1745 bona
694 1711 748 1745 sua
768 1709 886 1745 habeat
904 1724 923 1746 a
940 1724 1046 1756 cruce,
1066 1726 1237 1761 nunquam
1255 1728 1303 1751 ta-

277 1776 353 1797 men
371 1763 498 1810 respicit
519 1761 562 1797 ad
584 1775 725 1808 crucem,
751 1762 806 1798 sed
833 1764 864 1798 se
886 1776 994 1799 totum
1012 1766 1046 1799 in
1071 1778 1215 1802 terrenos
1234 1768 1305 1817 figit

276 1815 418 1851 affeekus.
444 1816 570 1850 Omnia
593 1815 682 1851 bona
708 1817 818 1852 nostra
835 1817 907 1852 sunt
925 1831 943 1852 a
961 1830 1067 1862 cruce,
1088 1821 1163 1866 quia
1185 1819 1302 1869 baptis-

276 1882 348 1904 mus
357 1869 400 1904 est
410 1882 428 1903 a
438 1869 594 1916 sanguine
603 1870 741 1917 &aqua‚
751 1883 815 1917 que
832 1869 1022 1906 effluxerunt
1035 1885 1054 1906 a
1074 1872 1171 1908 latere
1185 1874 1304 1911 Christi

275 1923 310 1956 ὅ(
326 1923 434 1958 nostra
452 1922 640 1971 redempcio
658 1925 693 1958 ὅ(
710 1924 817 1958 nostra
833 1924 914 1958 salus
930 1925 964 1959 ὅ(
975 1926 1118 1960 maxime¹
1132 1925 1221 1962 bona
1237 1929 1301 1964 cle-

276 1975 426 2011 ricorum.
449 1975 499 2011 Ne
515 1975 551 2011 fis
573 1989 653 2025 ergo
671 1989 801 2025 porcus,
816 1976 871 2012 sed
887 1977 996 2026 surgas
1015 1979 1049 2013 &
1066 1979 1169 2028 erigas
1188 1981 1302 2016 oculos

314 2100 324 2117 1
340 2090 378 2118 Ibi
391 2092 452 2118 add.
465 2092 492 2123 B,
505 2105 531 2122 α.
