1624 2788
402 281 456 316 xiv
807 290 1030 316 PRAEFATIo.

404 410 466 441 quae
483 399 546 442 sola
571 400 678 431 auderi
697 399 847 430 Rhenano
874 399 1008 430 debemus.
1034 399 1082 430 De
1104 398 1207 440 proelio
1235 408 1295 428 cum
1317 396 1434 439 hqstibus

402 447 538 489 commiffo
551 448 620 489 fere
638 448 709 479 idem
723 448 870 490 refertur,-
884 454 997 488 uterque
1013 446 1134 489 Gosvini
1146 457 1259 477 carmen
1282 458 1295 474 ε
1314 443 1365 476 De
1379 455 1433 476 ex-

404 496 590 537 pugnatione
598 495 721 527 Salaciae
730 508 742 523 »
756 504 765 520 ¹
777 496 852 534 citat,
860 502 982 536 uterque,
993 497 1107 526 turbam
1118 495 1332 526 candidatorum
1343 493 1434 537 chrif-

404 544 675 589 tianissuccurrffl,
689 551 804 575 narrat.
817 544 982 575 Rhenanus
992 545 1083 587 refert
1095 545 1218 585 (eumque
1230 545 1331 574 iterum
1336 541 1435 586 sequi-

405 601 453 625 tur
468 594 613 638 Caesarius
633 593 890 636 Heisterbacensts),
904 594 932 623 in
941 594 1045 635 proelio
1058 594 1106 624 illo
1121 605 1207 623 unum
1222 599 1330 623 tantum
1345 602 1435 631 regem

404 643 540 686 cecidff,·
555 642 731 674 Colonienfi
746 654 814 673 vero
829 648 947 681 amore,
958 643 1011 673 duo
1025 654 1100 684 reges
1111 654 1172 673 cum
1189 649 1296 672 centum
1316 639 1436 671 millibus

404 692 522 723 militum
536 691 674 733 interfeRi
678 692 759 736 sunt.

445 741 592 771 Praeterea
600 747 708 771 narrat
713 740 889 779 Rhenanus,
905 739 951 771 W
948 739 1089 782 sstphalos,
1098 740 1215 771 Saxones
1223 741 1257 771 &
1264 738 1432 782 Rhenenses,

404 790 523 821 maxime
537 800 606 820 vero
616 788 786 832 Nufflenses,
800 788 920 819 Giraldo
934 788 1024 819 comite
1038 789 1113 827 duce,
1122 796 1136 812 2
1136 788 1308 830 fortitudine
1321 787 1394 818 inter
1405 786 1435 828 se

405 838 548 869 aemulatos
556 839 618 881 eſje,
625 838 817 880 &principem
825 837 939 876 castelli,
947 837 994 877 qui
1002 849 1020 867 a
1032 836 1209 868 Coloniensi
1217 837 1251 867 ἔθ’
1261 837 1289 867 in
1298 834 1436 876 Epistola

407 886 559 919 Guilelmi
570 886 692 917 comitis
703 894 714 917 3
731 883 811 916 Abur
822 885 992 923 nominatur,
1004 885 1179 927 baptizatum
1184 884 1289 927 fuiffl,
1289 885 1348 928 sed
1348 884 1435 925 paulo

402 937 494 978 postin
500 936 650 978 pristinum
656 946 780 966 errorem
788 933 922 975 recidtffi.
931 934 965 964 In
971 933 1108 974 Epistola
1117 933 1267 965 Guilelmi
1274 934 1326 964 duo
1336 933 1437 972 millia,

407 997 425 1015 a
432 983 609 1016 Colonienfi
618 985 671 1015 duo
679 983 768 1014 millia
775 984 809 1014 δεῖ
816 983 963 1023 quingenti,
970 982 1214 1024 aRhenanofire
1220 982 1278 1013 tria
1283 982 1374 1013 millia
1379 981 1436 1026 heff-

406 1035 474 1064 tium
488 1034 562 1075 capti
570 1032 663 1075 fuiffie
675 1033 815 1063 dicuntur.
830 1031 947 1062 Horum
968 1032 1001 1062 de
1013 1031 1127 1076 miseria
1138 1031 1305 1062 Rhenanus
1317 1032 1437 1062 maxime

407 1083 478 1114 dolet
489 1094 626 1121 narrans,
643 1089 755 1124 patrem
775 1093 793 1112 a
799 1081 872 1124 filio,
895 1087 1014 1111 matrem
1035 1080 1128 1123 afilia
1138 1080 1290 1123 separatos
1301 1079 1397 1121 fw'ffi
1409 1080 1438 1110 in

405 1132 508 1173 praeda
526 1131 688 1169 dividenda,
711 1137 742 1161 ut
759 1131 788 1160 in
801 1130 971 1174 servitutem
990 1130 1200 1167 deducerentur,
1220 1139 1304 1168 neque
1328 1128 1440 1159 aliunde

407 1181 495 1221 magis
517 1192 601 1220 quam
615 1192 648 1210 ex
669 1179 721 1210 hac
739 1179 904 1210 narratione
918 1178 1007 1219 colligi
1022 1179 1116 1220 potest,
1142 1183 1278 1208 aue‘iorem
1297 1177 1440 1208 arbitrum

399 1228 495 1270 fuiffi’
502 1244 515 1264 ;
528 1229 599 1259 idem
614 1228 713 1269 refert,
733 1227 869 1258 viHorum
885 1227 972 1257 alium
987 1226 1074 1258 alium
1089 1225 1275 1268 defraudaffi
1288 1225 1316 1256 in
1335 1225 1440 1267 praeda

408 1278 570 1316 dividenda,
582 1278 615 1308 &⁵
626 1277 735 1308 clericos
745 1276 969 1318 peregrinorum,
980 1276 1073 1306 clerici
1083 1275 1228 1319 cuiusdam
1244 1274 1441 1317 Ulixibonensis

409 1327 598 1372 consuetudine
613 1327 647 1357 {55
661 1326 795 1364 doHrina,
807 1325 902 1367 optime
916 1325 1055 1356 dalmatas
1060 1325 1162 1366 fuiſje.

448 1375 528 1416 ⁴Qua
543 1375 641 1406 abhinc
661 1374 827 1405 Rhenanus
844 1381 953 1404 narrat
969 1374 1002 1404 de
1021 1373 1240 1415 expeditionibus,
1259 1384 1328 1414 quas
1347 1373 1440 1416 chris-

409 1424 481 1455 tiani
504 1435 575 1454 anno
596 1423 726 1454 MCCX
727 1422 758 1455 V
756 1422 793 1453 II
806 1423 835 1453 in
858 1423 942 1464 Syria
963 1423 996 1453 ξεῖ
1017 1434 1089 1453 anno
1110 1421 1242 1452 MCCX
1242 1421 1273 1453 V
1270 1421 1327 1452 III
1344 1429 1441 1454 contra

409 1471 548 1514 Aegyptios
554 1471 723 1503 Sarracenos
719 1472 864 1512 ficerunt,
888 1483 934 1502 ere
940 1471 1030 1501 omnia
1037 1469 1165 1510 Oliverij
1173 1468 1305 1500 Historia
1313 1469 1441 1502 Damia-

410 1522 473 1552 tina
484 1521 664 1551 continentur.
678 1519 759 1550 Initio
770 1519 850 1550 huius
860 1526 947 1550 textus
958 1524 1053 1550 amor
1064 1519 1152 1560 noster
1165 1517 1292 1559 Oliverij
1302 1519 1441 1560 epistolam

408 1571 550 1609 ineditam,
560 1570 592 1600 de
606 1581 662 1610 qua
673 1569 746 1600 alias
760 1570 833 1600 nobis
847 1569 983 1610 agendum
1001 1569 1063 1607 erit,
1069 1568 1206 1612 sequutus
1216 1568 1260 1610 est.
1276 1567 1311 1598 In
1322 1568 1442 1609 capitulo

410 1631 488 1658 vero,
497 1620 570 1660 quod
573 1618 736 1662 inscribitur
743 1631 754 1649 .·
761 1617 812 1649 De
821 1618 1002 1659 pastionibus
1011 1617 1229 1658 navigantium,
1237 1617 1327 1648 multa
1337 1617 1441 1660 insunt,

412 1680 473 1710 quae
485 1669 556 1700 alias
560 1668 686 1710 frustra
697 1678 812 1707 quaeres.
823 1666 919 1698 Primo
932 1665 1124 1698 Coloniensis
1138 1676 1200 1696 cum
1217 1664 1368 1696 Rhenano
1379 1678 1442 1697 con-

411 1717 531 1756 veniens,
545 1717 741 1759 crucefignatos
754 1717 907 1757 temptssate
921 1715 961 1755 xij
974 1715 1016 1745 die
1036 1715 1135 1755 aprilis
1155 1713 1285 1745 MCCX
1286 1713 1369 1745 VIII
1385 1721 1444 1746 ter-

412 1766 477 1797 ritos
497 1766 530 1796 ξεῖ
549 1764 773 1808 distec‘iosfuiffiz,
793 1771 851 1795 tum
870 1775 939 1795 vero
944 1764 1024 1808 solus
1044 1764 1133 1805 noster
1147 1769 1264 1802 narrat,
1277 1763 1306 1793 in
1326 1762 1372 1794 hoc
1386 1763 1444 1807 ὠ]-

452 1892 461 1907 ¹
487 1883 554 1908 Mon.
576 1881 722 1915 portugalie
743 1880 862 1914 historica,
877 1889 896 1912 1,
996 1889 1008 1912 3
1037 1879 1122 1905 Exstat
1145 1879 1169 1904 in
1192 1877 1319 1913 Raynaldi
1346 1877 1445 1909 Annal„

412 1931 568 1957 p-102-1043
579 1922 647 1947 conf.
660 1921 792 1953 Rishricht‚
804 1921 828 1946 in
837 1921 894 1946 For·
958 1920 999 1945 ed.
1028 1919 1121 1951 Manfi,
1143 1928 1167 1953 p.
1187 1927 1248 1951 413,
1269 1919 1282 1950 ἃ
1306 1920 1394 1951 35-36,
1412 1917 1444 1942 ad

406 1963 534 1996 schungen
544 1970 595 1987 zur
604 1961 732 1994 deutschen
746 1960 897 1994 Gescltickte,
961 1969 971 1985 1
978 1970 990 1985 ι
998 1968 1026 1990 ¹7
1036 1971 1043 1992 ς
1059 1958 1160 1992 Baronij
1172 1958 1277 1990 Annal.,
1286 1965 1348 1989 xm,
1355 1966 1378 1992 p.
1386 1966 1445 1990 241,

412 2010 469 2034 xvi,
486 2005 543 2034 ¹48.
959 2001 971 2031 ἃ
996 2008 1085 2032 34-35,
1110 1999 1142 2024 ad
1171 2007 1249 2032 ¹2¹73
1271 2001 1324 2024 Van
1348 1997 1446 2028 Mieris,

450 2053 464 2068 2
484 2042 623 2072 Nescimus,
644 2050 703 2066 num
725 2041 810 2066 aufikor
832 2049 897 2066 erra·
961 2041 1036 2065 Groot
1063 2038 1228 2065 Charterboek
1254 2039 1299 2063 der
1321 2045 1446 2072 graaven

414 2083 486 2114 verit,
501 2081 602 2107 nomine
613 2081 709 2107 Giraldi
724 2089 770 2115 pro
782 2080 898 2114 Georgio
961 2088 1019 2105 van
1031 2079 1148 2111 Helland,
1165 2087 1184 2110 1,
1205 2087 1234 2109 ¹7
1239 2087 1251 2111 5
1265 2087 1272 2111 3
1295 2077 1447 2104 Oorkondm-

414 2123 480 2154 usus,
493 2131 524 2147 an
540 2121 659 2147 Giraldus
675 2120 776 2147 fortasse
791 2120 897 2155 Georgij
962 2119 1018 2145 boek
1046 2129 1103 2145 van
1137 2118 1252 2151 Holland,
1282 2125 1302 2149 ι,
1330 2127 1357 2153 p.
1390 2125 1447 2151 153,

415 2163 492 2188 frater
504 2162 604 2197 eiusque
617 2161 696 2188 socius
709 2160 788 2187 fuerit.
963 2167 992 2186 n⁰
1008 2161 1067 2192 2⁶3.
